3132 4874
753 180 945 240 ..2-

330 351 501 428 ceptorum.
556 349 642 413 Idem
680 347 830 414 iudicium
862 346 1041 413 faciendum
1076 354 1125 413 est
1157 349 1196 413 de
1226 349 1382 432 Klopferi

330 459 645 540 dissertationibus¹),
669 463 721 543 qui
745 479 783 526 ea
806 467 912 526 tanen
934 480 969 525 re
992 461 1033 526 ab
1056 461 1118 525 illis
1134 462 1261 539 recedit,
1286 465 1380 544 quod

330 573 473 638 diversas
495 590 602 638 eornm
627 573 802 637 sententias
826 573 872 636 ita
894 573 978 636 inter
1000 591 1034 636 se
1057 573 1166 637 studet
1188 575 1378 653 conciliare,

330 691 365 750 ut
392 684 545 749 Tabulam
576 703 595 748 a
625 683 766 750 Socratis
792 685 848 748 illo
878 684 1033 765 discipulo
1063 687 1281 765 compositam,
1317 688 1377 751 sed

329 803 440 877 postea
471 801 676 860 retractatam
709 797 868 879 variisque
897 797 1194 878 interpolationibus
1223 800 1376 863 vitiatam

330 929 400 975 esse
431 913 567 973 censeat.
613 907 674 985 Qui
703 909 818 973 deinde
843 911 876 973 in
905 909 964 974 hac
994 910 1213 991 disquisitione
1238 929 1376 992 operam

331 1007 511 1098 collocarit,
543 1017 763 1098 Schaberus2),
796 1041 836 1085 ne
865 1023 933 1100 ipse
961 1022 1089 1102 quidem
1118 1041 1198 1087 nova
1225 1022 1376 1087 adhibuit

331 1134 471 1198 subsidia
494 1134 645 1216 uniceque
667 1135 700 1198 in
722 1134 908 1214 philosopho
931 1141 1119 1216 argumento
1142 1142 1287 1200 versatus
1311 1141 1373 1199 est.

331 1246 462 1311 Maximi
496 1265 569 1312 vero
601 1265 786 1328 progressus
817 1254 928 1312 auctor
963 1255 1032 1313 erat
1064 1248 1281 1326 Drosihnusb,
1317 1249 1373 1327 qui

330 1361 450 1440 primus
477 1359 622 1422 omnibus
652 1376 689 1422 ex
718 1358 863 1438 partibus
896 1359 978 1423 hanc
1009 1361 1174 1424 materiam
1206 1359 1374 1440 explorare

331 1473 479 1538 instituit.
527 1472 630 1552 Atque
656 1471 793 1552 primum
816 1471 991 1536 Drosihnus
1020 1476 1162 1536 veterum
1193 1473 1230 1536 dc
1254 1472 1374 1536 (lebete

332 1585 461 1664 eiusque
483 1601 576 1662 opere
599 1584 795 1662 testimonia,
828 1584 867 1648 de
892 1585 1006 1664 quibus
1029 1585 1076 1649 illi
1102 1585 1220 1666 partim
1244 1586 1373 1649 omnino

332 1716 395 1762 non
419 1702 618 1776 curaverunt,
640 1697 755 1778 partim
776 1695 878 1761 obiter
894 1716 996 1777 neque
1011 1698 1089 1762 satis
1106 1702 1253 1761 accurate
1274 1714 1374 1776 quae-

333 1810 484 1888 siverant,
500 1809 670 1889 congessit,
686 1810 787 1890 iisque
803 1810 894 1872 nixus
910 1815 1086 1890 temporum
1102 1811 1252 1888 rationes,
1268 1812 1374 1891 quoad

332 1924 399 1988 eius
422 1921 491 1988 fieri
508 1927 643 2003 poterat,
668 1922 869 1986 examinavit.
908 1922 977 1986 Hae
992 1924 1074 1986 enim
1090 1923 1178 2003 prius
1193 1923 1234 1985 ad
1250 1928 1373 1986 certum

334 2036 525 2118 redigendae
539 2042 623 2114 sunt,
639 2053 735 2117 quam
750 2053 788 2098 cx
803 2035 842 2098 iis
859 2035 936 2099 locis
953 2035 1104 2114 Tabulae,
1128 2037 1241 2115 quibus
1258 2034 1374 2100 Wolfio

333 2149 470 2229 suspicio
505 2154 576 2212 orta
609 2154 694 2226 erat,
721 2148 890 2229 quidquam
923 2148 1019 2212 liceat
1052 2147 1206 2226 colligere,
1252 2148 1375 2212 Deinde

333 2267 501 2341 postquam
538 2259 576 2323 de
609 2259 825 2341 philosophiae
856 2259 1038 2338 sententiis,
1071 2277 1151 2339 quac
1185 2259 1217 2323 in
1250 2259 1374 2322 Tabula

333 2375 519 2452 produntur,
543 2373 697 2454 exposuit,
721 2391 835 2437 novum
859 2372 968 2436 attulit
991 2372 1117 2435 criticae
1147 2389 1261 2452 operae
1284 2371 1374 2435 adiu-

333 2488 482 2547 mentum.
525 2483 572 2548 De
595 2485 764 2567 allegoriae
787 2485 869 2549 enim
893 2485 976 2566 apud
1000 2489 1122 2550 veteres
1141 2503 1200 2548 usu
1223 2486 1374 2550 disseruit

334 2597 545 2677 exemplisque
560 2597 720 2662 nonnullis
743 2616 782 2662 cx
797 2598 867 2662 aliis
884 2596 1066 2662 auctoribus
1082 2598 1224 2677 prolatis,
1247 2597 1373 2677 quando

333 2708 412 2772 talia
443 2709 579 2775 maxime
610 2713 641 2774 in
672 2711 930 2776 consuetudinem
962 2710 1125 2774 venissent
1156 2709 1373 2791 scriptoribus,

334 2823 545 2902 quaerendum
585 2842 654 2890 esse
692 2825 822 2889 monuit.
884 2822 1015 2888 Accedit
1055 2823 1186 2887 tertium
1224 2822 1375 2886 Drosihni

335 2938 483 3000 meritum
507 2942 603 3017 atquc
626 2938 657 3001 id
681 2937 808 3001 minime
831 2935 1107 3001 contemnendum:
1141 2935 1171 2998 id
1205 2936 1287 2998 enim
1312 2933 1373 2996 dis·

336 3048 468 3126 crimen,
499 3050 582 3130 quod
610 3052 642 3115 in
665 3050 832 3115 verborum
856 3048 1051 3130 supellectile
1079 3053 1127 3111 est
1150 3047 1233 3110 inter
1262 3045 1374 3126 optimi

336 3162 491 3225 sermonis
515 3162 613 3226 attici
633 3164 803 3244 scriptores
826 3170 858 3227 ct
880 3161 1023 3226 Tabulae
1038 3167 1199 3224 auctorem
1223 3158 1374 3240 pervesti-

336 3272 475 3349 gandum
499 3273 559 3337 sibi
581 3277 745 3356 proposuit
768 3275 809 3320 -ὲ
832 3293 928 3357 quam
951 3291 1017 3338 rem
1047 3272 1167 3353 priores
1198 3271 1245 3335 vel
1280 3271 1375 3349 plane

336 3384 542 3464 neglexerant
567 3386 615 3450 vel
638 3388 740 3452 obiter
761 3388 1016 3469 perstrinxerant
1042 3421 1077 3429 -
1099 3386 1200 3465 eaque
1222 3381 1373 3447 vocabula

336 3496 473 3576 collegit,
495 3515 576 3577 quac
599 3498 801 3564 alienarunt
824 3501 864 3564 ab
887 3500 1013 3564 illorum
1035 3496 1172 3578 scriptis.

424 3609 498 3674 Post
520 3609 711 3674 Drosihnum
735 3629 826 3676 nemo
854 3613 926 3676 huic
954 3608 1174 3692 disceptationi
1202 3608 1375 3689 impertivit

341 3723 513 3731 -———-—

427 3762 453 3832 ¹)
472 3763 514 3817 De
534 3762 641 3816 Cebetis
660 3762 727 3816 Tab.
745 3763 879 3820 dissertat.
898 3765 948 3830 111,
967 3763 1087 3816 Zviccav.
1107 3761 1284 3813 lala—1822,

423 3851 449 3918 ²)
469 3852 523 3905 Das
542 3851 669 3906 Gemalde
687 3850 732 3905 dea
750 3851 845 3920 Kebes,
865 3852 997 3906 Constana
1018 3849 1091 3901 1862.

425 3934 449 4001 ⁸)
473 3938 521 3990 ilie
541 3939 602 3991 Zeit
619 3938 666 3992 des
686 3939 778 4002 Πίναξ
798 3934 935 4006 Κέβητος,
953 3932 1121 3988 Neu-stettin
1141 3933 1216 3985 1873.
