3124 4870
701 328 939 386 -112--

303 497 469 579 participio
492 495 634 562 adhibito
663 515 778 562 novum
802 497 915 562 ceteris
938 496 1067 560 accedat
1090 494 1255 574 indicium,
1279 511 1341 575 quo
1402 516 1405 520 ’

303 609 457 673 Tabulam
480 611 656 674 recentiore
672 615 777 674 aetate
793 608 968 674 confectam
986 627 1056 674 esse
1072 595 1238 686 efficiatur,
1255 615 1343 672 certo

304 722 476 786 diiudicare
509 741 570 786 non
604 723 716 786 ausim.
777 722 947 786 Muellerus
976 722 1015 786 de
1042 721 1101 786 hoc
1130 721 1197 786 loco
1226 739 1264 785 ex
1292 721 1342 798 iis,

304 834 419 916 quibus
436 853 510 898 usus
527 838 584 910 est,
608 833 767 898 codicibus
784 832 862 897 nihil
880 834 1056 915 exscripsit.
1102 833 1189 910 Quae
1206 834 1236 896 in
1254 833 1343 896 libris

304 951 430 1010 exstant
445 945 532 1010 vitiis
552 962 616 1009 non
632 963 739 1008 carere
754 945 803 1008 vel
820 963 857 1008 ex
873 963 910 1010 eo
926 946 1104 1026 suspiceris,
1128 944 1211 1026 qnod
1228 944 1344 1007 versio-

304 1077 360 1122 nes
381 1056 496 1122 Odaxii
519 1062 551 1120 et
573 1055 701 1120 arabica
725 1056 801 1120 illud
817 1053 872 1120 καὶ
897 1067 971 1120 aute
995 1047 1181 1138 ἀγαγοῦσαν
1205 1057 1343 1137 positum

304 1187 367 1233 non
391 1174 580 1250 agnoscunt3
604 1169 751 1248 quocirca
767 1167 1083 1248 Schweighaeuserus
1104 1186 1161 1247 pro
1176 1164 1231 1230 καὶ
1247 1167 1341 1231 scribi

305 1279 404 1345 voluit
427 1280 464 1343 al
482 1278 505 1361 ).

305 1422 465 1482 aggregant,
488 1429 547 1467 oum
565 1414 616 1467 hoo
634 1414 749 1482 iaciunt,
776 1413 905 1481 incipiant
926 1413 1038 1466 introire
1061 1413 1093 1466 ad
1114 1413 1234 1466 Virtutes
1253 1413 1344 1480 itaque
1381 1413 1384 1419 '

307 1500 342 1554 ad
361 1501 456 1554 Veram
477 1501 661 1555 Eruditionem
680 1517 738 1555 eum
757 1501 901 1569 accedunt,
925 1500 1038 1569 quodam
1061 1499 1139 1554 modo
1162 1501 1273 1566 ingressi
1293 1502 1343 1554 iam

306 1587 359 1640 sint
385 1587 418 1639 ad
441 1586 575 1655 Virtutes,
600 1593 688 1640 tamen
722 1601 799 1640 nemo
825 1587 931 1654 negabit
954 1602 987 1640 ex
1010 1587 1205 1654 antiquioribus
1229 1586 1347 1654 quemvis

306 1674 467 1740 scripturum
485 1672 566 1726 fuisse
585 1669 850 1740 εἰσπορευομένους.

396 1757 417 1826 1)
437 1757 533 1812 Obiter
546 1775 721 1812 commemoro
734 1758 786 1812 alio
800 1758 868 1826 loco,
881 1759 927 1826 qui
939 1766 979 1813 est
991 1763 1046 1827 6,3,
1065 1760 1162 1812 iniuria
1175 1759 1344 1828 participium

311 1844 459 1912 praesentis
479 1841 735 1912 εἰσπορευομένους
758 1845 785 1896 in
804 1845 979 1912 suspicionem
999 1853 1121 1898 vocatum
1140 1862 1209 1912 esse,
1232 1861 1290 1898 cum
1314 1846 1347 1898 de

308 1931 345 1984 eis
362 1930 417 1983 illic
435 1936 571 1998 ageretur,
590 1931 636 1997 qui
654 1931 853 1999 introierunt,
871 1947 923 1983 non
943 1932 1106 1986 introeunt.
1137 1931 1231 1999 ltaque
1252 1932 1281 1998 is,
1301 1931 1347 1999 qui

309 2017 440 2068 recensuit
459 2013 600 2068 editionem
613 2015 740 2068 Drosihni
759 2016 787 2067 in
805 2017 954 2084 annalibus,
973 2017 1018 2085 qui
1036 2017 1219 2070 inscribuntur
1231 2017 1347 2070 Literar.

310 2100 487 2155 Centralblatt
502 2101 576 2168 1871,
595 2101 724 2168 scriptum
737 2101 820 2154 voluit
834 2099 1119 2169 ελσπεπορεομένοος.
1145 2103 1348 2171 supervacanea

308 2202 370 2242 sane
384 2186 542 2256 emendatio,
560 2203 618 2240 cum
632 2187 703 2241 haud
716 2203 778 2241 raro
791 2189 964 2256 participium
977 2190 1133 2256 praesentis,
1150 2189 1307 2258 praesertim
1325 2190 1347 2242 si

309 2290 367 2327 cum
390 2274 518 2341 temporis
543 2273 673 2326 adverbiis
703 2267 804 2340 παλαι,
829 2267 920 2342 παρος
945 2281 995 2328 cet.
1020 2275 1201 2344 coniungitur,
1228 2274 1348 2342 designet

308 2361 437 2414 sotionem
452 2360 485 2428 ei,
498 2375 566 2428 quae
578 2360 658 2414 verbo
671 2359 748 2414 finito
760 2361 926 2428 exprimitur,
939 2361 1036 2414 actioni
1049 2361 1259 2429 praecedentem,
1273 2361 1348 2412 cultis

309 2455 396 2500 tamen
408 2445 518 2500 effectus
530 2447 647 2499 nondum
660 2448 776 2500 evanuit.
803 2446 842 2500 Gi.
852 2447 985 2501 Rieckber
998 2447 1030 2501 de
1040 2447 1184 2515 participio
1198 2446 1290 2500 aoristi
1302 2446 1348 2499 Gr.
1366 2517 1369 2522 Ι

309 2549 338 2600 p.
356 2535 380 2585 4.
417 2531 578 2599 Exemplum
602 2540 694 2586 nostro
718 2532 777 2586 loco
798 2533 961 2587 simillimum
984 2550 1018 2586 ex
1040 2533 1163 2599 Xenoph.
1181 2535 1260 2598 Agos.
1281 2534 1348 2600 1,36

311 2618 404 2671 attulit
422 2617 581 2672 Kuehnerus
600 2620 626 2671 Il
646 2623 708 2672 177:
726 2611 891 2688 Ἀγησίλαος
911 2613 1027 2683 ἐλπίζων
1044 2611 1214 2672 καταλύσειν
1231 2611 1283 2686 τὴν
1303 2611 1349 2670 tat

309 2697 495 2774 τὴνἘλλολτλα
509 2701 744 2773 στρατεύσασαν
761 2701 824 2775 πρό
830 2724 930 2777 τερον
948 2699 1044 2776 ἀρχήν,
1058 2706 1104 2759 ubi
1117 2706 1349 2760 Breitenboehius:

311 2793 463 2861 imperium,
488 2792 559 2859 quod
578 2799 718 2860 postquam
742 2793 845 2861 pluries
864 2793 993 2848 Graeciae
1018 2792 1115 2847 bellum
1141 2793 1244 2858 intulit,
1270 2792 1348 2845 etiam

312 2895 383 2933 nune
402 2878 527 2933 infestum
540 2880 647 2934 Graecis
667 2895 695 2934 se
714 2880 837 2935 ostendit.
867 2881 1010 2934 Praeterea
1028 2879 1061 2934 ef.
1081 2878 1203 2947 exemplo
1220 2894 1237 2932 a
1255 2878 1349 2932 Rieck-

312 2965 378 3018 hero
396 2981 423 3032 p.
442 2967 459 3017 4
477 2973 609 3033 congesta.

399 3052 530 3107 Librariis
554 3053 722 3106 tribuendum
741 3067 798 3106 esso
820 3053 883 3105 mihi
903 3050 1019 3118 videtur,
1042 3052 1111 3120 quod
1130 3051 1264 3105 nonnullis
1282 3049 1349 3104 locis

311 3154 361 3206 pro
381 3131 486 3191 ἑαυτοῦ
500 3139 598 3205 legitur
611 3131 710 3192 edroi.
742 3138 888 3205 Schweigh.
906 3137 973 3189 nihil
985 3138 1085 3190 mutari
1099 3137 1189 3204 voluit,
1208 3152 1265 3190 oum
1280 3135 1349 3203 apud

316 3224 455 3294 Polybium
475 3225 581 3293 saepius
598 3225 761 3279 inveniretur
774 3216 862 3277 αὐτοῦ
881 3240 933 3292 pro
946 3215 1047 3277 αὑτοῦ.
1078 3222 1130 3276 Sed
1147 3223 1286 3289 diligenter
1304 3223 1346 3290 iis,

314 3327 383 3380 qnae
396 3311 458 3364 libri
470 3328 632 3380 unoquoque
644 3312 704 3366 loco
717 3313 855 3381 praebent,
867 3311 973 3366 collatis
988 3309 1144 3365 Dindorfius
1156 3317 1182 3362 et
1192 3310 1349 3362 Hultschius

316 3413 347 3450 eo
361 3397 431 3450 ducti
452 3405 522 3466 sunt,
542 3406 572 3452 ut
585 3400 683 3467 ubique
701 3399 799 3453 formas
817 3399 913 3466 spiritu
930 3414 1027 3467 aspero
1041 3399 1155 3465 scriptas
1167 3399 1350 3456 restituerent.

314 3483 388 3536 Idem
409 3498 457 3536 nos
480 3485 506 3535 in
526 3485 624 3538 (lebete
644 3485 783 3552 iaciemus,
805 3485 961 3551 praesertim
983 3502 1041 3540 cum
1068 3483 1153 3537 tribus
1172 3482 1256 3536 solum
1285 3481 1350 3534 locis

314 3561 404 3623 αὑτοῦ
435 3585 485 3636 pro
517 3561 609 3622 αὑτοῦ
632 3571 708 3625 codd.
738 3571 881 3624 exhibeant
909 3572 970 3639 (1,2
993 3565 1024 3624 ἐν
1046 3562 1123 3642 αύτῷ
1148 3599 1178 3610 -
1202 3569 1252 3636 9,2
1280 3559 1350 3637 παρ’

314 3647 416 3718 αὐταῖς
435 3685 466 3695 -
487 3658 554 3721 16,4
572 3649 642 3725 πρὸς
660 3647 763 3721 adadu
788 3656 831 3725 M,
849 3656 924 3710 cuius
942 3657 1017 3711 nulla
1034 3657 1181 3710 auotoritas
1198 3662 1253 3724 est,
1270 3655 1351 3708 etiam

316 3746 395 3812 lo,2;
413 3746 456 3813 23,
466 3746 503 3813 4).

288 3839 291 3845 '
401 3829 443 3884 Ne
461 3831 487 3885 id
507 3830 612 3900 quidem
631 3831 664 3884 sd
683 3838 800 3886 nostram
819 3831 1029 3900 disquisitionem
1048 3829 1130 3882 ullius
1148 3829 1273 3896 ponderis
1292 3842 1351 3880 esse

315 3917 431 3984 videtur,
451 3918 603 3986 quod10‚2
622 3935 768 3989 pronomen
787 3917 940 3973 reflexivum
958 3933 1010 3970 uon
1030 3931 1078 3970 suo
1097 3915 1156 3968 loeo
1168 3915 1282 3984 positum
1296 3921 1351 3967 est:

315 3997 365 4064 τὰς
383 4005 478 4071 τρίχας
494 4007 623 4058 τίλλοοοα
644 3999 759 4073 {cariffi
783 4007 850 4059 idem
874 4008 942 4060 enlm
965 4003 1036 4071 apud
1063 4004 1240 4069 Herodotum,
1267 4003 1353 4055 Xeno·

317 4090 454 4160 phoutem,
475 4091 677 4158 Aristophanem
696 4092 880 4159 compluribus
899 4092 964 4146 locis
981 4091 1124 4145 invenitur.
