3132 4874
733 315 949 380 ...52...

325 485 403 555 Cum
431 489 513 556 falsa
540 490 599 556 hac
620 489 809 555 Eruditione
839 506 937 554 senex
960 488 1074 554 suadet
1101 494 1137 555 ut
1165 487 1364 576 aliquantum

322 603 474 684 temporis
489 619 653 668 versemur
675 608 707 667 et
728 602 944 686 quodcumque
967 602 1045 667 utile
1067 619 1137 666 esse
1152 601 1297 666 videatur
1320 601 1363 665 ab

323 733 363 780 ea
385 715 574 796 accipiemus
597 721 759 797 tamquam
781 715 942 796 viaticum,
960 718 1043 794 32,4.
1082 713 1174 778 Dona
1196 713 1263 778 eius
1287 718 1364 778 sunt

323 820 499 908 γράμματα
526 823 582 891 καλ
610 829 677 891 τῶν
707 820 817 892 άλλων
844 821 1052 910 μαθημάτων
1086 818 1107 890 ἃ
1134 821 1190 889 καὶ
1216 819 1363 890 Πλάτων

324 933 430 1019 φησὶν
458 929 581 1002 άσανεὶ
603 941 742 1022 χαλινοῦ
765 962 857 1016 τινος
883 935 1029 1020 δύναμιν
1055 933 1143 1022 ἐ’γειν
1171 950 1241 1016 τοῖς
1263 937 1362 1019 νέοις,

323 1048 379 1112 ἵνα
401 1041 444 1134 μὴ
469 1051 515 1126 εἰς
537 1049 632 1133 ἕτερα
654 1053 879 1134 περισπῶνται
895 1051 961 1133 (33,
972 1050 1004 1133 3)
1016 1051 1048 1132 ¹).
1091 1052 1286 1133 Quemquam
1309 1051 1362 1114 via

322 1159 419 1241 non²)
442 1169 491 1227 est
513 1164 553 1228 ad
575 1181 681 1229 veram
705 1164 911 1230 eruditionem
934 1163 1040 1230 ferens
1068 1164 1130 1229 nisi
1157 1182 1239 1246 quae
1266 1168 1363 1230 antea

324 1275 434 1341 tulerit
465 1276 506 1340 ad
535 1275 649 1342 falsam
672 1276 906 1357 Eruditionem,
938 1282 1044 1342 tamen
1076 1295 1138 1342 non
1161 1293 1289 1340 necesse
1312 1279 1362 1340 est

323 1388 430 1452 ornari
446 1387 547 1454 falsae
563 1390 759 1455 Eruditionis
775 1388 881 1454 donis:
905 1387 1012 1471 (33,4)
1028 1381 1156 1472 ἀνάγκη
1180 1386 1241 1468 μὲν
1264 1379 1362 1451 οὐδε-

324 1501 397 1582 μία;
421 1501 482 1566 elsi
501 1501 580 1564 nihil
604 1520 768 1585 ee,quan1
794 1501 1040 1566 Ψευὸοπαιδεία
1062 1501 1203 1584 praebet,
1227 1498 1363 1565 scientia

323 1610 444 1677 confert
473 1613 513 1676 ad
548 1631 651 1678 mores
680 1615 881 1694 corrigendos
917 1615 1033 1695 quique
1069 1633 1107 1679 ea
1139 1613 1252 1677 imbuti
1286 1619 1362 1677 sunt

323 1722 402 1787 nihil
425 1723 465 1789 iis
488 1731 662 1804 praestant,
685 1725 739 1806 qui
762 1731 934 1790 secarent
957 1726 1068 1807 (34‚1),
1092 1730 1200 1790 tamen
1223 1723 1361 1790 eruditio

324 1835 379 1900 illa
401 1854 465 1900 non
489 1837 609 1902 inutilis
632 1855 700 1902 esse
724 1837 922 1919 perhibetur:
947 1843 997 1919 33,
1009 1843 1103 1903 4-6.
1149 1838 1238 1903 Haec
1258 1837 1362 1920 primo

323 1949 435 2014 obtutu
465 1949 548 2013 inter
577 1967 611 2014 se
638 1967 779 2031 pugnare
801 1950 958 2016 videntur.
1005 1949 1126 2030 Quibus
1154 1951 1237 2016 enim
1265 1951 1361 2017 rebus

409 2121 430 2189 1)
449 2139 473 2176 v.
492 2137 574 2190 supra
598 2138 623 2188 p.
645 2123 722 2188 15sq.
758 2121 878 2176 Eandem
902 2123 1058 2177 sententiam
1083 2123 1214 2178 Isocrates
1238 2122 1302 2176 Pan.
1328 2125 1363 2175 10

322 2208 365 2261 his
383 2209 528 2277 expressit:
552 2205 580 2261 εἰ
595 2206 645 2260 acl
662 2204 753 2276 μηδὲν
771 2200 839 2261 deta
863 2201 1015 2275 δυνήσεται
1038 2201 1074 2260 τά
1095 2202 1253 2275 μαθήματα
1271 2207 1362 2260 ταῦτα

322 2301 417 2348 ποιεῖν
437 2286 564 2363 ἀγαθόν,
589 2286 645 2348 ἄλλ’
666 2285 719 2348 οὖν
744 2287 899 2364 ἀποτρέπει
924 2312 955 2362 γε
980 2289 1049 2355 τους
1073 2291 1230 2363 νεωτέρους
1250 2294 1361 2346 πολλῶν

325 2373 415 2434 άλλων
433 2372 649 2450 ἁμαρτημάτων.

411 2463 432 2536 ²)
453 2457 522 2520 Οάα
549 2463 623 2520 ἔστιν
648 2466 816 2521 scribendum
841 2481 899 2521 esse
923 2467 1067 2521 rectissime
1090 2467 1194 2519 monuit
1212 2467 1362 2536 Sauppeius

324 2553 342 2607 l.
361 2553 379 2608 1.
398 2570 424 2620 p.
444 2555 503 2619 775,
522 2553 597 2607 cuius
610 2553 790 2607 coniecturam
808 2553 893 2607 secuti
905 2560 967 2608 sunt
986 2560 1013 2607 et
1030 2552 1052 2607 is
1070 2553 1115 2620 qui
1129 2554 1282 2620 nuperrime
1296 2552 1362 2606 Ger·

325 2640 427 2693 maniae
445 2641 527 2693 vertit
538 2640 678 2708 Tabulam,
696 2639 850 2708 Kraussius,
868 2646 895 2693 et
907 2639 1063 2696 derramius.
1094 2639 1177 2694 Nullo
1195 2639 1278 2692 totius
1295 2638 1362 2691 libri

323 2725 382 2778 loco
401 2725 455 2778 alia
472 2726 515 2780 via
533 2732 763 2794 commemoratur,
781 2740 835 2793 qua
853 2725 888 2779 ad
906 2740 995 2778 veram
1010 2725 1186 2779 eruditionem
1200 2725 1282 2793 possit
1300 2738 1361 2792 per·

323 2812 424 2879 veniri;
442 2812 522 2865 immo
542 2827 624 2866 senex
641 2812 705 2879 ipsis
723 2812 812 2866 verbis
830 2812 895 2865 dicit
913 2814 973 2880 32,4
991 2813 1146 2879 priusquam
1165 2811 1197 2865 ad
1216 2812 1284 2865 hanc
1302 2826 1362 2879 per-

326 2899 429 2961 venias,
455 2898 489 2951 ad
516 2898 610 2952 falsam
637 2898 822 2952 Eruditionem
848 2912 905 2952 esse
930 2897 1111 2952 accedendum.
1147 2896 1251 2950 Deinde
1277 2897 1363 2950 totius

328 2985 449 3053 picturas
467 2985 537 3038 ratio
555 2983 743 3052 impedimento
762 2992 811 3052 est,
829 3000 863 3038 ne
881 2983 914 3037 de
931 2984 983 3037 alia
1000 2982 1043 3036 via
1061 2983 1215 3049 cogitemus.
1250 2981 1320 3037 Nem
1339 2983 1362 3037 si

324 3086 404 3126 verae
431 3070 597 3124 Eruditionis
624 3070 787 3125 domicilium
814 3071 930 3138 cingitur
954 3069 1040 3123 falsae
1065 3068 1232 3123 Eruditionis
1259 3075 1362 3136 saepto,

325 3172 440 3226 quonam
459 3157 537 3211 modo
561 3156 594 3210 ad
611 3156 684 3210 illam
704 3156 779 3209 adire
797 3155 872 3224 licet,
893 3154 944 3210 nisi
967 3155 1058 3224 priore
1080 3154 1132 3209 hoc
1157 3161 1249 3221 saepto
1267 3155 1362 3222 permi-

325 3242 423 3308 gratoi
466 3242 577 3297 Accedit
602 3242 675 3296 aliud
699 3249 884 3310 argumentum
908 3248 988 3310 atque
1012 3241 1037 3294 id
1063 3241 1158 3295 summi
1174 3241 1312 3294 momenti:
1339 3241 1362 3296 si

324 3319 421 3382 ἔστιν
438 3329 612 3396 responderet
630 3342 723 3396 senex,
741 3335 946 3384 consentaneum
963 3335 1003 3381 est
1019 3327 1151 3394 hospitem
1163 3327 1214 3380 hoc
1230 3341 1361 3394 responso

326 3432 380 3469 non
398 3417 611 3484 acquiescentem
630 3417 811 3484 quaesiturum
829 3431 897 3471 esse:
915 3416 985 3468 ποία
1003 3411 1035 3468 δέ
1054 3408 1128 3468 ἐστιν
1146 3404 1232 3483 αάτη;
1251 3431 1362 3484 eamque

324 3501 395 3554 viam
414 3501 537 3556 describi.
568 3502 594 3556 Is
612 3502 704 3570 codex,
722 3517 776 3569 quo
794 3518 859 3557 usus
878 3509 918 3556 est
935 3501 1066 3570 interpres
1079 3502 1210 3556 Arabicus
1228 3502 1270 3570 (de
1288 3501 1362 3557 cuins

324 3588 491 3656 praestantia
503 3587 537 3642 cf.
551 3587 643 3642 Muell.
661 3605 688 3656 p.
702 3591 735 3642 76
744 3589 803 3657 sq.),
821 3596 848 3642 et
865 3589 910 3643 hic
928 3595 955 3641 et
973 3587 1084 3655 soloce,
1103 3588 1148 3655 qui
1160 3595 1200 3644 est
1211 3590 1271 3656 27,3
1289 3595 1362 3642 recte

324 3673 468 3728 exhibebat
487 3665 559 3728 οάιι.
591 3674 667 3742 Quod
685 3690 747 3729 vero
761 3677 820 3742 35,2
839 3675 1117 3740 iicommemorantur,
1135 3689 1203 3741 qnos
1220 3674 1311 3729 videas
1330 3668 1361 3728 ἐκ

323 3760 376 3813 τοῦ
387 3754 501 3829 πρώτου
514 3753 667 3829 περιβόλου
678 3757 943 3829 παραγιγνομένους
956 3756 997 3820 εἰς
1008 3752 1058 3812 τὸν
1069 3759 1163 3828 τρίτον
1176 3761 1361 3831 περίβολον..

324 3844 355 3899 οἳ
365 3840 486 3909 τούτους
504 3841 573 3908 τούς
591 3839 812 3914 μαθηματικοὺς
824 3839 1074 3914 παραλλάττουσιν,
1092 3846 1120 3900 id
1137 3847 1175 3902 ita
1186 3847 1362 3916 interpretau-

324 3933 386 3986 dum
411 3941 464 4000 est,
488 3941 518 3989 ut
542 3950 595 3989 non
623 3934 802 3988 existimemus
827 3934 888 3988 illos
918 3933 1152 3986 Ψευὸοπαιὸείαυ
1177 3935 1283 3988 omnino
1308 3951 1362 3988 non

323 4017 465 4087 attingere,
483 4020 529 4076 sed
547 4035 627 4090 quam
644 4018 782 4075 celerrime
800 4033 911 4088 pergere
929 4034 1014 4087 neque
1032 4034 1092 4074 curn
1109 4020 1167 4074 eius
1184 4019 1362 4077 sectatoribus

324 4103 420 4159 diutius
437 4106 548 4160 versari.
