3132 4874
739 370 954 430 ...30..

331 559 446 620 remur,
470 540 554 620 quod
580 539 774 621 ,plerisque‘
793 539 981 620 hominibus,
997 558 1060 605 non
1075 540 1244 605 omnibus
1268 539 1367 605 Cebes

331 651 409 719 dicit
431 652 574 733 divitias,
597 655 831 734 paupertatem,
860 658 965 717 catera
992 653 1025 716 id
1047 670 1146 731 genus
1169 651 1210 716 ab
1233 651 1287 715 1110
1310 671 1367 716 nu·

328 768 412 830 mine
435 765 625 845 contingere.
673 764 763 841 Quod
794 763 820 828 si
844 763 1021 828 Sohaberus
1053 784 1084 845 p.
1109 769 1150 828 43
1182 764 1230 828 his
1260 765 1367 830 studet

327 879 501 959 explicare:
524 923 532 936 .
557 926 564 941 .
588 876 686 940 daher
702 881 773 957 sagt
789 877 869 940 auch
885 876 1000 955 Kebes,
1017 877 1091 940 dass
1111 876 1181 941 den
1205 876 1366 942 meisten

329 989 499 1054 Menschen
528 990 578 1054 die
610 989 702 1053 einen
725 988 834 1054 Gaben
863 1008 923 1055 von
951 990 1021 1054 dem
1052 988 1226 1068 gdttlichen
1249 988 1365 1052 Wesen

328 1102 384 1165 als
408 1101 528 1166 Uebel
544 1148 551 1164 .
570 1150 577 1166 .
595 1147 618 1180 .,
642 1101 692 1165 die
716 1101 855 1166 anderen
877 1103 935 1167 als
958 1102 1077 1167 Giitar
1094 1150 1100 1163 .
1118 1152 1125 1165 .
1143 1149 1150 1163 .
1167 1100 1365 1165 zuhommen.

329 1213 398 1278 Von
422 1212 530 1278 diesen
553 1212 685 1277 meisten
705 1213 875 1279 Menschen
898 1214 969 1280 sind
991 1215 1058 1279 also
1081 1213 1163 1276 nach
1177 1212 1282 1278 Kebes
1305 1232 1366 1277 nur

329 1323 380 1389 die
392 1323 520 1389 Stoiker
535 1342 790 1405 ausgenommen,
806 1325 848 1389 da
862 1326 958 1391 ihnen
974 1373 981 1388 .
996 1374 1025 1389 ..
1043 1343 1104 1388 nur
1115 1323 1297 1405 Adiaphora
1314 1371 1321 1386 .
1336 1373 1365 1388 ..

328 1455 369 1501 zu
380 1435 470 1501 Theil
484 1437 617 1516 werden,
630 1435 733 1501 indam
744 1437 780 1517 ja
795 1437 864 1516 ,die
873 1437 1003 1519 Tugend
1015 1438 1074 1502 das
1085 1437 1207 1516 einzigc
1218 1435 1283 1501 Gut
1294 1435 1367 1517 ist“,

329 1549 398 1630 ipsa
413 1550 491 1614 haec
510 1548 608 1613 verba
627 1551 693 1629 ,ais
709 1547 843 1628 Ucbei“,
862 1550 928 1629 ,als
944 1549 1075 1628 Giiter“,
1092 1547 1205 1630 quibus
1226 1548 1280 1613 ille
1296 1567 1367 1615 sen-

328 1661 449 1725 tentiae
462 1660 630 1724 subvenire
644 1660 759 1738 studet,
775 1659 808 1724 in
824 1661 1087 1744 interpretatione
1097 1661 1234 1726 Arabica
1246 1661 1367 1726 deside-

329 1777 452 1836 rantur.
492 1771 570 1834 Mihi
588 1771 714 1852 quidem
731 1773 808 1837 iliud
830 1793 868 1853 ,a
886 1792 949 1838 non
966 1774 1069 1840 molo“
1089 1774 1171 1838 idem
1188 1770 1368 1854 significare

328 1883 452 1948 videtur
496 1889 591 1967 atque
635 1901 731 1966 supra
773 1884 850 1950 iilud
899 1906 936 1965 ,a
975 1887 1065 1967 (non)
1112 1885 1220 1966 pravis
1270 1885 1369 1950 actio·

328 1995 454 2061 nibus“.
494 1995 652 2076 Deceptus
675 2000 725 2061 est
744 1996 921 2062 Schaberus
945 2017 983 2064 ea
1005 2017 1050 2080 re,
1074 1998 1157 2080 quod
1180 1997 1368 2078 principium

330 2110 471 2174 divinum
484 2113 536 2188 43,
556 2115 571 2174 1
586 2109 678 2173 deum
695 2109 890 2176 existimavit
901 2110 1147 2192 intellegendum
1164 2127 1242 2173 esse.
1277 2107 1367 2185 Quod

328 2221 514 2286 vocabulum
538 2222 564 2285 si
587 2226 712 2288 vertere
734 2223 858 2288 liceret:
885 2223 944 2305 ,ab
968 2223 1036 2302 illo,
1060 2222 1142 2302 quod
1166 2218 1367 2295 statuimus“‚

329 2333 378 2396 vel
403 2353 441 2412 ,a
461 2333 621 2414 proposito
644 2334 698 2399 ilio
722 2341 832 2400 nostro
854 2333 992 2414 dinino“,
1016 2334 1122 2399 omnia
1144 2330 1262 2410 optime
1284 2328 1367 2392 inter

329 2463 363 2510 sc
378 2446 593 2512 convenirent.
631 2445 723 2512 Hanc
738 2447 999 2528 significationem
1012 2443 1156 2510 Arabicis
1171 2440 1276 2505 verbis
1293 2439 1365 2503 sub-

328 2577 398 2623 esse
420 2577 483 2624 non
505 2577 599 2640 posse
614 2578 665 2624 me
680 2559 786 2626 docuit
807 2561 855 2625 vir
876 2559 1075 2626 doctissimus
1092 2554 1259 2620 Kessierus
1282 2551 1367 2617 Mar-

328 2671 508 2754 burgensis.
561 2670 621 2736 Sed
648 2671 759 2737 dubito
782 2691 823 2736 an
845 2673 1002 2752 interpres
1025 2667 1177 2734 Arabicus
1201 2683 1254 2745 ea,
1287 2683 1367 2745 quae

318 2783 360 2846 in
384 2781 504 2848 Graeco
530 2788 620 2848 textu
641 2783 818 2863 exstabant,
842 2782 924 2849 male
947 2781 1148 2849 intellexerit.
1192 2779 1260 2842 iilic
1283 2777 1366 2841 enim

329 2896 470 2973 suspicor
494 2896 645 2976 scriptum
676 2893 786 2961 fuisse:
818 2887 883 2959 ἆτὸ
911 2889 1032 2976 ταύτης
1058 2895 1115 2977 τῆς
1137 2883 1253 2974 ἀρχῆς,
1281 2888 1365 2969 quod

328 3007 515 3073 vocabulum
532 3007 640 3072 eadem
656 3005 886 3088 significatione
909 3007 1070 3072 invenitur
1085 3003 1261 3069 adhibitum
1284 2998 1367 3081 apud

329 3120 461 3184 Dionem
478 3118 588 3202 Chrys
605 3137 650 3184 or.
667 3123 763 3200 101.
782 3124 843 3184 297
859 3118 968 3183 Dind:
992 3124 1119 3200 εἴρηται
1136 3106 1367 3195 bortorodum

328 3221 381 3292 ἀπ’
406 3228 532 3311 ἐκείνης
554 3232 611 3313 τῆς
638 3222 739 3314 ἀρχῆς
766 3227 822 3295 καὶ
849 3228 1031 3313 ἐκτροπῆς.
1050 3279 1058 3294 .
1076 3250 1098 3309 .;
1131 3247 1176 3293 or.
1205 3231 1222 3288 ‘i
1248 3244 1279 3306 p.
1305 3228 1365 3288 137

330 3339 437 3404 Dind:
464 3334 530 3405 dud
552 3335 618 3424 γὰρ
641 3333 743 3426 αὐτῆς
765 3333 867 3426 ἀρχῆς
889 3337 1020 3424 ταύτης.

415 3451 503 3517 Μο10
535 3453 726 3520 Socraticam
761 3455 902 3520 Tabulae
940 3452 1172 3536 philosophiam
1211 3465 1280 3513 esse
1313 3448 1368 3528 qui

328 3563 511 3645 nuperrime
534 3566 705 3647 contendit,
728 3567 906 3633 Jerramius
916 3567 951 3648 ¹),
974 3567 1052 3632 nihil
1076 3565 1231 3647 probavit.
1280 3564 1368 3641 Quae

328 3676 413 3741 enim
443 3695 460 3741 e
484 3677 607 3743 Tabula
629 3680 788 3760 congessit
811 3679 950 3745 Socratis
978 3679 1121 3757 decreta,
1149 3696 1187 3742 ea
1215 3674 1320 3741 omnia
1348 3693 1368 3737 a

330 3885 379 3936 115
398 3899 423 3938 n.
444 3885 469 3953 1)
487 3891 578 3937 mouet
601 3898 634 3938 ue
659 3898 691 3938 ea
713 3884 766 3952 ipsi
787 3883 951 3952 philosopho
974 3881 1139 3948 tribuamus,
1163 3894 1233 3948 quae
1254 3894 1287 3932 ex
1310 3878 1368 3932 eiua

329 3969 444 4026 decretio
462 3976 624 4040 sequuntur,
648 3984 718 4038 quae
741 3985 806 4025 vero
831 3969 906 4039 sequi
928 3969 985 4038 ipse
1008 3973 1057 4023 aut
1081 3982 1134 4021 non
1160 3964 1227 4020 vidit
1251 3971 1368 4020 autnon

328 4057 517 4124 pronuntiavit.

416 4141 442 4212 ¹)
461 4143 549 4198 Praei.
567 4161 594 4212 p.
613 4143 738 4200 XXXIV.
