3124 4870
748 342 964 402 ..34-

338 513 582 593 prosopopoeiae
605 512 685 576 alias
707 529 831 593 quoque
853 509 1057 575 inveniantur
1079 511 1125 575 ita
1147 509 1317 586 exhibitae,
1340 513 1378 572 ut

337 625 463 691 Pinacis
497 626 619 691 auctori
652 625 787 690 aliorum
819 623 949 688 inventa
980 621 1148 687 obversata
1182 638 1252 684 esse
1281 621 1378 684 liceat

337 737 499 819 suspicari.

578 900 605 973 1.
627 899 679 972 De
702 897 900 971 artificum
924 895 1131 990 allegoriis

423 1051 450 1116 E
480 1052 705 1118 statuariorum
737 1051 885 1131 operibus
917 1048 1185 1130 antiquissimum,
1220 1052 1375 1126 quantum

336 1164 462 1242 scimus,
486 1164 655 1244 allegoriae
671 1165 846 1245 exemplum
862 1169 911 1228 est
926 1162 1056 1244 Lysippi
1071 1155 1239 1243 Καιρόςῑ).
1275 1159 1375 1224 Occa-

336 1275 458 1339 sionem
473 1275 630 1357 Lysippus
644 1273 735 1340 finxit
750 1274 853 1340 fronte
868 1274 1056 1356 capillatam,
1072 1272 1245 1353 posteriore
1260 1272 1375 1354 capitis

337 1393 429 1468 parte
451 1405 552 1467 paene
574 1389 704 1468 calvam,
727 1387 872 1452 manibus
895 1391 1053 1450 tenentem
1077 1386 1230 1450 trutinam
1253 1389 1285 1448 et
1307 1383 1374 1447 cul-

337 1503 423 1563 trum
446 1499 638 1579 tonsorium,
668 1498 800 1580 pedibus
823 1500 856 1562 in
883 1499 976 1578 globo
999 1502 1145 1562 stantem.
1191 1497 1272 1561 Ecce
1295 1493 1375 1559 illud

335 1611 521 1676 mobilitatis
551 1611 677 1690 signum
706 1611 875 1676 sescenties
902 1615 1013 1689 postea
1034 1610 1195 1675 Fortunae
1217 1607 1374 1672 tributum

336 1719 389 1803 (cl.
413 1721 489 1786 Tab.
513 1739 539 1786 c.
557 1720 600 1803 7).
635 1723 753 1787 Eadem
768 1722 938 1787 Alexandri
961 1721 1071 1800 Magni
1093 1725 1200 1786 aetate
1223 1720 1294 1800 fuit,
1318 1720 1374 1802 qui

335 1853 373 1900 ex
387 1834 560 1916 pictoribus
575 1835 694 1916 primus
710 1835 878 1915 allegorica
894 1835 1018 1901 ratione
1033 1852 1110 1898 usus
1126 1840 1184 1915 est,
1200 1833 1328 1915 Apelles
1336 1831 1372 1912 ²).

336 1945 433 2012 Cuius
454 1947 488 2011 in
510 1947 633 2027 pictura
656 1947 840 2013 Calumniae
862 1947 949 2029 (Luc.
974 1948 1013 2012 de
1035 1948 1092 2012 cal.
1117 1965 1180 2012 non
1198 1952 1272 2012 tem.
1289 1945 1371 2010 cred.

335 2078 359 2124 c.
390 2064 408 2122 5
440 2079 471 2140 p.
504 2063 564 2125 155
596 2059 676 2142 Jac.)
716 2061 888 2126 obveniunt
928 2060 1064 2124 humana
1102 2059 1204 2142 specie
1241 2059 1373 2124 indutae

335 2167 498 2257 Διαβολή,
512 2166 651 2255 ’Ἆγνοια
674 2172 727 2254 (cf.
750 2174 828 2238 Tab.
845 2171 944 2255 27,4),
964 2164 1161 2253 Ὑπόληψις,
1183 2164 1372 2256 Ἐπιβουλή,

332 2277 452 2367 Ἀπάτη
461 2287 486 2367 ³)
511 2284 563 2369 (cf.
593 2287 670 2352 Tab.
696 2293 728 2367 5,
753 2288 907 2368 saepius),
942 2281 1093 2367 Φθόνος,
1120 2278 1295 2349 Μετάνοια
1318 2283 1370 2364 (cf.

334 2397 410 2463 Tab.
430 2399 527 2479 10,3),
541 2391 694 2482 Ἀλήθεια
716 2400 769 2480 (of.
785 2400 861 2465 Tab.
881 2399 978 2482 18‚2)‚
1002 2417 1078 2464 suae
1091 2416 1234 2480 quaeque
1257 2398 1372 2463 indolis

334 2526 371 2574 ao
393 2515 524 2574 naturae
547 2512 647 2592 signis
669 2512 836 2594 instructa,
860 2513 945 2577 velut
967 2513 1035 2592 ipsa
1058 2510 1222 2576 Calumnia
1244 2511 1370 2576 iracun-

335 2623 509 2632 ——-—

425 2663 446 2731 1)
465 2663 533 2730 Quid
552 2663 658 2718 intersit
670 2665 740 2718 inter
751 2665 820 2719 hanc
832 2663 985 2719 Occasionis
998 2669 1112 2718 statuam
1124 2670 1152 2717 ct
1163 2662 1263 2731 prioris
1275 2662 1372 2718 aetatis

334 2751 560 2820 prosopopoeiae,
578 2751 675 2820 quibus
692 2767 787 2805 nomon
805 2751 949 2818 allegoriae
966 2768 1021 2806 non
1038 2751 1151 2805 debetur
1170 2750 1252 2814 (velut
1268 2748 1372 2803 Aristo·

333 2837 448 2905 phontis,
467 2838 513 2906 qui
530 2837 584 2892 fuit
601 2837 684 2905 paulo
696 2845 758 2906 post
769 2837 842 2892 bella
854 2838 1004 2908 Persarum,
1023 2838 1228 2904 credulitatem
1247 2835 1315 2890 Plin.
1329 2835 1372 2902 35,

335 2925 395 2990 138)
414 2923 551 2977 Brunnius
570 2924 679 2990 exponit
698 2923 865 2992 (Geschichte
883 2924 931 2978 der
948 2941 987 2991 gr.
1005 2924 1094 2980 Kunst
1112 2925 1125 2977 I
1143 2925 1213 2991 366).

420 3006 441 3076 ²)
460 3008 501 3062 De
519 3009 570 3061 hac
587 3008 690 3075 Apellis
707 3016 734 3062 et
751 3008 864 3078 Lysippi
882 3011 1058 3064 consensione
1079 3017 1107 3064 et
1129 3009 1162 3063 de
1180 3008 1253 3063 illius
1272 3008 1370 3062 aetatis

333 3093 467 3162 cogitandi
486 3101 514 3148 et
531 3094 661 3148 sentiendi
683 3095 787 3149 ratione
805 3110 821 3149 a
838 3095 973 3164 prioribus
990 3097 1155 3164 temporibus
1172 3095 1292 3163 diversa,
1317 3110 1371 3163 qua

332 3179 450 3235 artifices
476 3186 508 3233 ut
535 3179 676 3246 allegorias
704 3187 894 3249 componerent
921 3181 1028 3236 adducti
1055 3188 1131 3250 sunt,
1159 3180 1194 3234 ci.
1219 3181 1320 3238 Brunn.
1343 3181 1371 3234 11

332 3269 432 3336 216sq.
468 3265 566 3320 Similis
582 3265 731 3321 immutatio
754 3267 782 3320 in
807 3267 917 3322 deorum
934 3267 1094 3332 imaginibus
1111 3274 1235 3336 apparet,
1260 3267 1292 3322 de
1317 3283 1370 3334 qua

332 3353 480 3407 Brunnius:
511 3353 576 3406 Man
588 3352 643 3420 ling
656 3368 699 3421 an,
712 3353 782 3409 diese
795 3394 801 3407 .
813 3395 837 3410 ..
856 3353 1094 3421 abgeschlossenen
1106 3354 1159 3407 und
1172 3353 1370 3422 abgerundeten

333 3439 526 3506 Gestaltungen
551 3438 620 3492 nach
639 3437 777 3506 Begriffen
802 3439 865 3494 odor
892 3439 943 3494 den
961 3439 1117 3493 Attributen
1134 3439 1207 3493 ihrer
1226 3439 1319 3493 Macht
1335 3455 1369 3492 au

331 3525 482 3594 aerspalton
568 3522 625 3592 (Es)
643 3524 750 3578 konnen
768 3525 858 3580 solche
875 3525 1129 3580 Personilicationen
1147 3525 1233 3580 durch
1250 3525 1292 3579 die
1310 3525 1369 3594 Art,

331 3613 381 3668 aie
399 3612 436 3667 sie
453 3610 538 3665 durch
557 3616 664 3666 dussere
682 3611 797 3666 Zeichen
815 3613 874 3665 ihre
892 3611 1052 3679 Bedeutung
1075 3629 1109 3664 zu
1132 3613 1266 3666 erhennen
1284 3610 1368 3678 geben

331 3699 426 3768 sollers,
445 3698 487 3752 die
505 3695 695 3752 reflektirende
714 3697 872 3766 Thdtigkeit
890 3698 937 3753 des
951 3698 1054 3752 Geistes
1071 3698 1111 3753 als
1128 3698 1170 3751 die
1183 3697 1278 3765 Quelle
1295 3697 1370 3752 ihrer

332 3785 502 3851 Entstehung
518 3785 593 3839 nicht
611 3785 780 3851 verleugnen.
809 3785 850 3846 De
862 3785 968 3839 ratione
986 3785 1057 3839 inter
1073 3783 1183 3854 Lysippi
1196 3784 1369 3839 Occasionem

332 3879 360 3925 et
377 3870 482 3939 Apellis
501 3869 665 3924 calumniam
684 3870 864 3926 intercedente
882 3869 915 3925 cf.
934 3869 1044 3924 eundem
1063 3870 1091 3923 11
1108 3872 1211 3938 p.{215:
1230 3871 1284 3938 (dio
1302 3869 1369 3924 Dar·

332 3957 450 4024 stellung
468 3956 516 4012 der
535 3956 744 4027 Verleumdung)
763 3959 798 4014 ist
818 3959 866 4013 das
883 3957 1040 4012 malerische
1060 3957 1229 4012 Seitensthok
1252 3974 1286 4011 au
1309 3957 1369 4012 dem

331 4043 493 4112 plastischen
512 4044 611 4099 Kairos
629 4045 675 4101 des
693 4045 806 4115 Lysipp,
824 4047 883 4101 eine
901 4044 1076 4112 vollstiindige
1094 4044 1238 4112 Allegorie.

419 4129 440 4199 ⁰)
458 4132 493 4185 cl.
511 4149 593 4201 supra
609 4150 637 4202 p.
655 4137 698 4188 64.
734 4132 863 4202 (Schmidt
881 4133 965 4187 Ethilr
983 4131 1008 4186 d.
1029 4133 1074 4188 Gr.
1094 4134 1107 4186 Ι
1124 4150 1150 4201 p.
1170 4133 1240 4200 251.)
