3124 4870
625 295 838 352 ...71-

216 470 312 528 torem
345 464 473 529 favisse.
521 464 611 543 Quod
645 465 727 528 enim
761 464 794 528 in
828 463 926 529 animi
959 462 1250 543 perturbationibus

216 576 347 656 primum
370 577 472 641 locum
495 581 583 640 tenet
605 568 746 658 ἀκρασία
769 573 831 656 (9,1
853 575 953 655 prima
975 581 1249 658 commemoratur,

219 695 285 768 lt‚l
317 689 400 766 sola3
432 691 501 766 28‚l
534 693 566 751 et
598 691 670 768 32‚3
701 679 842 768 ἀκρασία
871 691 903 750 et
932 678 1139 769 ἡδυπάθεια,
1174 692 1248 768 28,3

216 791 355 882 ἀκρασία
378 805 411 864 et
434 792 617 879 ἀσωτία)“),
649 800 753 865 nescio
782 817 821 862 an
852 798 924 863 inde
950 799 1168 879 explicandum
1196 802 1249 882 sit,

217 911 296 991 quod
327 911 425 976 Stoici
456 913 597 978 omnium
627 911 826 977 affectionum
857 911 976 976 fontem
1007 930 1074 977 esse
1103 912 1251 977 volebant

216 1025 489 1106 intemperantiam
516 1025 593 1105 (Cic.
624 1027 714 1090 Tusa.
738 1025 783 1090 IV
816 1027 913 1104 9‚22).
959 1024 1079 1088 Deinde
1110 1024 1171 1089 duo
1194 1043 1248 1089 vo·

215 1137 325 1202 cabula
347 1138 381 1200 in
404 1138 468 1218 illo,
492 1157 585 1220 quem
604 1156 698 1219 supra
713 1138 881 1219 composui,
906 1137 1009 1202 indice
1025 1137 1186 1202 nominum
1210 1136 1250 1202 ad

215 1267 316 1314 mores
331 1251 557 1330 pertinentium
573 1252 745 1316 obveniunt
768 1250 934 1315 aPlatone
954 1255 986 1314 et
1008 1269 1027 1313 a
1041 1250 1251 1332 Xenophonte

213 1363 328 1426 aliena:
352 1366 555 1445 φιλαργυρία
573 1370 606 1427 et
627 1361 811 1440 κενοδοξία.
850 1364 990 1441 Quorum
1004 1362 1092 1443 prius
1115 1361 1193 1426 illud
1215 1362 1249 1425 in

215 1473 337 1539 Stoicae
359 1475 483 1541 scholae
507 1474 701 1556 supellectile
723 1474 821 1539 fuisse
843 1482 876 1540 et
899 1493 917 1538 a
941 1473 1115 1555 Chrysippo
1139 1472 1249 1539 defini-

215 1587 329 1650 tionem
359 1588 387 1652 ei
417 1588 576 1653 admotam
608 1605 676 1653 esse
711 1588 800 1652 testis
828 1593 877 1652 est
917 1587 1072 1668 Diogenes
1103 1587 1249 1652 Laertius

215 1699 274 1763 Vll
300 1705 370 1764 111.
416 1699 474 1764 Sed
504 1701 537 1763 in
565 1700 657 1763 huius
679 1700 823 1766 vocabuli
853 1719 928 1782 usu,
958 1719 1029 1764 oum
1060 1700 1248 1764 adiectivum

214 1813 293 1890 quod
317 1819 366 1876 est
388 1807 592 1895 φιλάργυρος
614 1819 646 1876 et
668 1813 750 1892 apud
766 1814 1005 1894 Xenophontem
1029 1818 1060 1875 et
1077 1813 1161 1891 apud
1176 1812 1248 1876 Pla·

214 1931 316 1988 tonem
332 1932 477 1990 occurrat
491 1943 628 2004 casuque
642 1923 708 1987 fieri
725 1924 834 2004 possit,
857 1929 894 1988 ut
909 1924 1143 1989 substantivum
1166 1923 1249 2003 apud

213 2041 357 2100 neutrum
380 2037 568 2115 inveniatur,
591 2037 695 2100 minus
717 2035 802 2099 nitar·
817 2054 909 2116 quam
931 2037 964 2099 in
986 2035 1041 2100 illo
1063 2032 1249 2117 κενοδοξία,

213 2150 293 2228 quod
309 2167 380 2212 cnm
395 2149 457 2212 nisi
472 2149 555 2229 apud
570 2148 734 2229 Polybium
750 2152 782 2211 et
797 2147 997 2213 Plutarchum
1014 2165 1077 2211 non
1091 2147 1249 2228 obveniat,

212 2262 394 2325 recentioris
416 2261 509 2327 huius
526 2260 624 2325 libelli
640 2260 772 2339 originis
787 2260 1067 2326 luculentissimum
1084 2267 1133 2325 est
1155 2260 1249 2325 docu-

212 2379 361 2437 mentum.

296 2484 389 2564 Quod
416 2504 540 2550 maeror
568 2489 641 2563 233
665 2485 698 2547 in
725 2484 810 2548 vitiis
834 2491 1018 2550 numeratur
1041 2478 1249 2567 (triviniano

212 2595 266 2660 καὶ
281 2590 342 2660 τὸν
358 2590 510 2680 ὀδυρμὸυ
525 2596 581 2662 καὶ
596 2589 658 2680 τὴν
673 2588 945 2680 ὑπερηφάνειαν.
960 2649 966 2659 ,
983 2595 1037 2661 καί
1053 2591 1114 2681 τὴν
1129 2590 1250 2680 λοιπὴν

212 2703 344 2773 ἀκασαυ
366 2712 515 2789 κακίαν),
546 2710 644 2775 Stoici
676 2728 785 2774 omnes
811 2708 940 2776 affectus
970 2711 1099 2776 vitiosos
1121 2717 1250 2790 putasse

212 2820 309 2884 tradit
340 2820 525 2885 Plutarchus
556 2823 627 2886 virt.
658 2840 736 2886 mor.
763 2826 802 2884 10
831 2841 861 2902 p.
886 2828 963 2887 449:
997 2824 1065 2885 ιιᾶν
1097 2815 1249 2904 μὲνγὰρ

211 2927 320 3008 πάθος
341 2924 484 3014 ἀμαρσία
506 2926 574 2998 κατ’
599 2925 722 3008 αὐτούς
745 2931 845 2998 ἐστιν.
855 2931 880 3013 ²)

298 3044 382 3125 Jam,
405 3063 485 3127 quae
508 3046 546 3110 de
569 3048 730 3126 voluptate
753 3050 785 3109 et
808 3047 846 3110 de
869 3044 1041 3128 cupiditate
1059 3045 1184 3111 Cebetis
1208 3046 1250 3110 sit

212 3158 379 3238 sententia,
396 3159 565 3225 videamus.
606 3161 709 3241 Atque
725 3163 776 3238 6,2
796 3159 982 3240 Voluptates
997 3177 1067 3223 cum
1084 3159 1248 3241 Opinioni·

213 3297 383 3304 --—.-.

298 3363 319 3424 lt
340 3364 363 3416 Ε
382 3365 568 3430 Xenophontis
584 3363 691 3430 scriptis
704 3364 863 3417 vocabulum
882 3361 954 3432 quod
976 3371 1016 3417 eet
1028 3355 1150 3432 ἀκρασία
1169 3364 1248 3432 plane

211 3450 358 3502 eiciendum
376 3465 434 3503 esse
451 3451 554 3504 censuit
566 3448 721 3503 Dindorlius
733 3449 760 3501 in
774 3451 837 3504 edit.
851 3450 918 3503 Xen.
932 3464 1025 3502 comm.
1038 3449 1137 3504 maiore
1149 3467 1177 3518 p.
1188 3451 1250 3504 Xll.

212 3536 253 3589 hd
272 3537 409 3590 Platonem
428 3537 500 3603 qnod
518 3539 621 3605 attinet,
640 3536 702 3590 libri
721 3553 784 3593 mss.
803 3553 857 3591 non
875 3539 1052 3592 consentiunt.

299 3638 319 3706 ²)
338 3640 372 3693 cl.
390 3640 468 3706 Diog.
487 3641 575 3696 Laert.
596 3640 648 3695 Vll
676 3641 738 3695 118:
772 3632 842 3695 ου’δδ
869 3635 925 3709 μὴν
953 3633 1174 3707 λυπηθήσεσθαι
1200 3633 1251 3691 τὸν

211 3720 310 3794 σοφόν,
349 3726 401 3780 Cic.
420 3726 498 3782 Tuso.
518 3728 556 3780 lV
576 3729 647 3794 7,14ε
675 3741 754 3796 qnam
778 3726 924 3782 vitiosae
950 3727 1002 3780 sint
1026 3725 1250 3792 perturbationes.

211 3811 348 3866 vocabula
366 3822 514 3880 quaesunt
532 3815 618 3867 λύπαι
636 3821 662 3866 et
680 3805 785 3868 ὀδύναι
803 3815 874 3880 quod
893 3811 1029 3878 coniungit
1048 3811 1138 3878 Cebes,
1157 3825 1251 3864 moneo

210 3900 313 3954 Stoicos
331 3889 441 3964 ὀδύνην
458 3915 541 3966 genus
559 3895 650 3968 λύπης
667 3917 724 3955 esso
743 3902 872 3966 votuisse
902 3899 981 3968 Diog.
1008 3899 1096 3954 boort.
1123 3898 1172 3952 Vll
1193 3901 1251 3951 111.

210 3984 375 4053 Quamquam
394 3997 429 4036 ne
447 3984 552 4040 Platoni
570 3987 674 4056 quidem
694 3986 761 4040 haec
779 3985 932 4040 coniunctio
950 3985 1037 4040 aliona
1049 3991 1097 4040 est.
1128 3985 1168 4040 Ci.
1182 3985 1252 4040 Phil.

210 4070 277 4123 l2d:
296 4069 382 4122 λῦπαι
401 4067 450 4120 καὶ
468 4063 625 4138 ἀλγηδόνες
643 4070 692 4126 καλ
711 4063 824 4126 ὀδύναι.
