3132 4874
711 329 926 395 -54-

543 535 575 609 2.
598 534 649 608 De
673 534 888 609 virtutibus
913 537 952 608 et
974 536 1090 610 vitiis.

549 707 578 754 a.
602 689 657 753 De
680 691 809 754 causis
832 690 1078 755 vitiositatis.

388 819 498 884 Omnis
520 819 668 885 miseriae
695 821 851 886 humanae
880 840 973 887 causa
1001 828 1051 884 cst
1073 838 1226 885 venenum
1248 816 1336 895 illud,

303 930 386 1012 quod
400 924 520 1014 Ἀπάτη
536 932 585 1012 iia,
602 933 656 1014 qui
671 933 704 998 in
719 933 817 998 vitam
833 934 1005 1014 introeunt,
1021 934 1152 1013 praebet
1166 931 1337 996 bibendum

302 1043 393 1124 (53).
439 1043 507 1108 Ηοο
530 1045 612 1109 enim
636 1046 749 1111 hausto
772 1045 809 1110 fit
830 1052 867 1111 ut
889 1065 936 1126 ea,
959 1064 1039 1128 quae
1061 1064 1125 1111 non
1147 1047 1230 1110 bona
1252 1051 1337 1125 sunt,

300 1155 383 1220 bona
404 1156 587 1222 existiment
610 1163 641 1222 et
664 1177 713 1238 ea,
736 1176 815 1240 quac
832 1160 914 1223 mala
928 1177 990 1224 non
1006 1162 1089 1238 sunt,
1113 1158 1196 1223 mala
1219 1154 1336 1237 (25‚2);

255 1305 257 1308 -
301 1286 363 1351 quo
386 1286 492 1335 errore
507 1286 562 1351 per
577 1275 676 1335 totam
692 1270 788 1335 vitam
804 1270 946 1338 homines
968 1271 1179 1336 sollicitantur
1202 1273 1234 1334 et
1256 1268 1339 1334 affli-

301 1385 420 1461 guntur
444 1380 560 1464 ί40,1).

388 1492 482 1558 Haud
505 1494 561 1559 abs
575 1510 610 1557 re
625 1494 748 1561 videtur
765 1497 797 1561 in
812 1488 939 1578 ἀπάτης
953 1496 1128 1577 notionem,
1151 1513 1232 1577 quae
1247 1496 1289 1560 sit
1305 1496 1337 1559 in

301 1605 431 1685 Tabula,
443 1607 537 1688 paulo
548 1607 730 1688 diligentius
742 1608 909 1688 inquirere.
932 1609 1038 1689 Atque
1049 1600 1156 1691 ἀπάτη
1172 1626 1236 1673 non
1251 1607 1338 1671 fraus

301 1722 350 1782 est
380 1735 437 1800 per
465 1719 562 1783 alium
592 1738 778 1802 quemquam
811 1718 938 1800 effecta,
969 1720 1025 1786 sed
1055 1738 1143 1785 error
1172 1720 1337 1800 exipsius

300 1829 436 1894 hominis
465 1831 571 1898 animo
598 1837 749 1915 tanquam
778 1831 884 1896 divino
911 1833 1039 1897 numine
1061 1837 1190 1897 auctore
1213 1835 1358 1920 coortus

301 1941 482 2024 hominique
504 1943 681 2026 innatus¹)‚
711 1946 757 2012 ita
779 1950 815 2009 ut
836 1945 1023 2010 vocabulum
1051 1944 1135 2027 quod
1157 1948 1207 2008 est
1229 1935 1337 2023 ἀπάτη

301 2052 385 2118 haud
407 2056 501 2136 longe
523 2057 645 2122 diversa
660 2055 889 2138 significatione
903 2057 1092 2123 adhibeatur
1106 2062 1203 2138 atque
1217 2049 1339 2138 ἀννοια

302 2168 350 2232 vel
372 2162 507 2245 πλάνος.
541 2169 603 2235 Ηίτ
624 2175 732 2235 autem
753 2189 829 2235 usus
852 2168 935 2251 apud
957 2169 1148 2235 recentiores
1170 2168 1339 2248 scriptores

300 2286 351 2345 est
373 2279 657 2362 frequentissimus,
680 2301 751 2347 curn
774 2281 857 2364 apud
880 2300 934 2348 eos
956 2283 1009 2363 qui
1031 2280 1160 2345 fuerunt
1176 2285 1250 2346 ante
1266 2279 1336 2343 Chr.

301 2407 331 2454 n.
356 2392 476 2457 nullum
499 2394 576 2458 mihi
599 2395 768 2474 contigerit
790 2400 826 2458 ut
849 2394 1023 2460 invenirem
1047 2390 1265 2476 exemplum2).

390 2504 562 2584 Venenum,
587 2524 648 2587 qno
664 2505 806 2572 homines
829 2506 1024 2585 imbuuntur,
1047 2505 1231 2587 designatur
1246 2524 1338 2570 voca-

301 2614 384 2682 bulis
402 2611 527 2692 πλάνος
540 2620 573 2680 et
587 2610 708 2699 ἀηνοια
723 2618 803 2699 (5‚3;
821 2623 886 2698 6,3;
909 2619 1004 2699 19,5).
1042 2618 1238 2683 Vocabulum
1254 2619 1338 2699 quod

302 2731 352 2792 est
368 2721 494 2803 πλάνος
508 2728 684 2795 Drosihnus
700 2749 729 2810 p.
749 2734 789 2795 38
807 2737 893 2795 recte
907 2736 1014 2794 monet
1029 2730 1167 2810 quinque
1189 2730 1228 2793 iis
1251 2729 1338 2808 lucie,

302 2892 343 2958 τίς
367 2897 455 2965 γῆρας
479 2886 663 2966 ἀναλάμβανε
688 2898 803 2966 σοφίαν.
839 2896 997 2952 Aristoteles
1022 2896 1094 2964 apud
1116 2896 1228 2950 eundem
1246 2896 1271 2951 V
1290 2900 1338 2949 21:

301 2975 450 3034 κάλλιστον
469 2976 590 3050 ἐφόδιον
607 2983 645 3055 τῷ
664 2976 737 3057 γήρᾳ
754 2977 806 3052 τὴν
831 2983 966 3037 παιδείαν
991 2978 1077 3050 ἔλεγε.
1113 2982 1225 3037 Demon.
1243 2982 1277 3040 fr.
1296 2986 1339 3049 77,

301 3067 379 3122 Muli.
398 3067 426 3120 11
444 3084 471 3135 p.
484 3069 547 3121 352:
566 3070 629 3122 τίνα
647 3066 679 3122 δὲ
698 3067 747 3123 καὶ
760 3062 866 3138 ἐφόδια
880 3065 952 3138 ἔχων
964 3110 970 3122 .
984 3111 991 3124 .
1005 3108 1012 3121 .
1031 3062 1062 3121 ἐν
1079 3069 1195 3129 παιδιάς
1207 3065 1248 3129 είς
1259 3071 1340 3136 φιλο-

302 3155 409 3222 σοφίαν
433 3145 522 3222 ἥπεις.
557 3157 609 3210 Ex.
627 3172 675 3212 ms.
701 3156 761 3212 flor.
786 3157 828 3212 Jo.
848 3157 954 3212 Damas.
972 3158 1053 3211 Mein.
1076 3155 1149 3211 Stnb.
1167 3156 1206 3210 IV
1228 3170 1255 3223 p.
1273 3159 1339 3210 203:

302 3234 445 3302 Πιττακὸς
463 3236 651 3312 συνεβούλευε
670 3236 741 3311 πρὸς
758 3235 790 3296 τὸ
810 3243 899 3311 γῆρας
917 3236 1023 3311 ἐφόδια
1042 3243 1256 3310 παρατίθεσθαι
1273 3260 1339 3295 παι-

301 3326 397 3394 άείαν;
419 3326 481 3382 ibid.
499 3344 525 3396 p.
543 3331 608 3382 226:
629 3320 800 3397 Ἀρίστιππος
821 3323 1027 3398 παρεκελεύετο
1050 3333 1110 3389 τοῖς
1127 3325 1204 3389 νέοις
1220 3329 1339 3381 τοιαῦτα

303 3407 409 3482 ἐφόδια
428 3416 559 3483 κτάσθαι,
578 3407 660 3470 ἀτινα
678 3408 779 3479 αάτοῖς
795 3414 845 3470 καί
862 3410 1041 3484 ναναηήσαοι
1058 3409 1322 3484 ονντννολνμβήσει.

389 3500 411 3570 1)
430 3502 468 3556 Of.
487 3501 605 3558 Schmidt
629 3504 715 3558 Ethilr
734 3503 758 3558 d.
782 3503 829 3558 alt.
855 3503 900 3558 Gr.
919 3504 933 3556 1
949 3505 1047 3570 250sq.
1082 3502 1158 3570 Quod
1175 3501 1208 3556 de
1233 3501 1340 3569 pictura

302 3586 407 3657 Apellis
425 3587 535 3656 exponit
554 3587 731 3658 Schmidtius,
755 3590 824 3644 idem
843 3590 875 3643 dc
892 3589 1012 3658 Fraude,
1038 3604 1107 3658 quae
1124 3596 1164 3643 est
1181 3587 1209 3642 in
1228 3587 1340 3656 Tabula,

302 3676 391 3730 valere
409 3674 474 3728 mihi
491 3675 604 3732 videtur.

390 3760 411 3830 ²)
430 3761 473 3816 Ex
498 3763 676 3818 recentiorum
702 3762 829 3832 operibus
855 3764 922 3818 haec
950 3762 1081 3831 congessi:
1107 3762 1160 3817 Dio
1187 3763 1280 3832 Chrys.
1307 3761 1340 3816 de

301 3864 378 3915 regn.
397 3851 414 3902 4
433 3865 459 3918 p.
479 3851 514 3903 80
531 3849 625 3917 Dind.;
644 3865 684 3903 or.
704 3853 745 3918 31,
764 3867 790 3918 p.
809 3851 873 3918 3563
892 3866 931 3904 or.
943 3852 985 3918 68,
1003 3865 1029 3917 p.
1043 3852 1106 3918 2323
1126 3865 1165 3905 or.
1178 3852 1221 3918 70,
1240 3866 1267 3916 p.
1276 3851 1340 3915 2403

301 3933 365 3988 Luc.
380 3934 459 3990 Char.
473 3952 499 4005 p.
513 3939 562 3990 219
575 3936 645 4004 Jac.;
664 3936 735 3990 Plut.
748 3953 836 4007 quom.
849 3935 919 3992 adul.
931 3942 1003 4005 poet.
1017 3935 1078 3989 aud.
1090 3935 1148 3990 deb.
1162 3936 1230 4003 l7b3
1250 3950 1339 4004 quom.

301 4020 403 4075 adulat.
422 4021 465 4076 ab.
484 4024 559 4078 amic.
578 4023 672 4078 intem.
691 4023 762 4091 49b3
782 4023 852 4077 Piut.
876 4023 955 4078 Stoic.
973 4039 1032 4090 rep.
1049 4025 1084 4076 47
1089 4041 1096 4090 ;
1122 4023 1154 4077 dc
1172 4039 1265 4078 comm.
1283 4028 1340 4076 not.

301 4107 374 4178 25,5;
394 4105 474 4163 Stoic.
492 4110 542 4165 ecl.
561 4110 615 4164 eth.
636 4113 694 4164 183.
