3132 4874
710 322 924 379 ...42-

299 491 488 573 Euthydemi
512 490 565 556 ille
586 490 673 556 locus
697 508 759 555 non
782 488 945 554 dissimilis
967 493 1016 553 est
1039 487 1215 553 Stoicorum
1239 489 1337 553 ratio·

299 605 460 681 unctioni,
483 604 515 669 id
539 610 644 668 tamen
668 603 758 668 Plato
774 604 814 668 ab
838 601 901 666 illis
919 602 1088 682 discrepat,
1111 600 1196 682 quod
1211 619 1273 666 non
1297 599 1338 663 ad

299 717 396 782 vitam
431 724 464 782 et
496 735 587 781 usum
617 716 746 781 adhibet
776 715 862 779 illam
897 713 1205 793 argumentationem
1236 729 1339 791 neque

299 829 387 893 iubet
418 847 469 893 res
501 828 626 893 fortuna
658 829 780 892 oblatas
813 845 871 908 pro
906 825 1004 890 nihilo
1035 825 1154 889 haberi.
1202 823 1337 887 Divitias

300 945 483 1022 ceterasque
506 959 556 1004 res
571 946 719 1005 externas
743 944 778 1003 ut
796 938 887 1003 nihili
905 939 1078 1003 faceremus
1093 934 1249 1017 planeque
1264 953 1338 999 con-

299 1056 510 1118 temneremus
541 1050 741 1130 Schmidtio¹)
771 1052 927 1117 assentior
957 1069 1019 1116 non
1050 1050 1247 1129 praecepisse
1276 1046 1338 1112 uisi

301 1161 423 1227 Stoicos
446 1169 478 1228 et
497 1163 639 1246 cynicos.

364 1253 460 1338 ¹dam
483 1276 659 1355 videamuS,
691 1277 879 1356 quibusnam
903 1275 941 1339 de
964 1276 1066 1340 causis
1089 1273 1232 1352 divitiae,
1255 1273 1339 1336 bona

301 1384 458 1463 valetudo,
483 1392 607 1450 ceterae
630 1387 781 1451 eiusmodi
796 1405 847 1451 res
870 1385 1015 1450 inbonis
1038 1403 1100 1449 non
1123 1390 1337 1448 numerentur.

302 1496 409 1561 Prima
431 1499 633 1563 ratiocinatio
656 1499 734 1563 haec
757 1504 817 1562 est:
853 1498 913 1574 Qui
930 1496 1010 1560 male
1026 1497 1113 1574 vivit,
1139 1496 1168 1559 ei
1186 1497 1252 1560 vita
1275 1513 1339 1559 nou

300 1607 416 1672 bonum
447 1609 503 1674 sed
533 1611 649 1674 malum
680 1615 738 1674 est.
785 1609 910 1674 Dixeris
941 1609 995 1687 iis,
1025 1609 1079 1688 qui
1108 1608 1188 1672 bene
1217 1608 1338 1686 vivunt,

301 1719 427 1783 bonurn.
441 1720 491 1800 iis,
507 1722 560 1801 qui
573 1723 664 1800 male,
681 1722 797 1785 malurn
813 1741 882 1786 ease
894 1721 1001 1784 vitam.
1036 1723 1076 1784 At
1089 1739 1151 1784 una
1164 1719 1339 1801 eademque

302 1848 352 1894 res
376 1829 443 1894 fieri
467 1850 530 1895 non
552 1839 657 1913 potest
678 1841 712 1897 ut
728 1839 760 1896 et
776 1832 890 1896 bonum
907 1839 939 1897 et
955 1833 1082 1911 malum,
1106 1836 1138 1895 et
1161 1830 1339 1912 appetenda

302 1947 334 2005 et
362 1943 519 2007 reicienda
549 1945 601 2008 sit.
654 1943 802 2024 Sequitur
834 1944 931 2008 vitam
963 1961 1064 2024 neque
1093 1944 1208 2008 bonum
1239 1960 1340 2022 neque

302 2053 417 2119 malum
434 2071 512 2133 esse,
530 2075 555 2122 c.
571 2060 622 2132 36,
640 2060 690 2119 37.
723 2054 841 2120 Similis
857 2055 1090 2137 argumentatio
1107 2059 1156 2118 est
1172 2055 1211 2119 de
1226 2061 1337 2160 morte,

304 2165 343 2228 de
365 2166 448 2231 bona
466 2171 498 2230 et
521 2167 559 2230 de
576 2166 660 2232 mala
676 2167 865 2233 valetudiue.
900 2168 1132 2247 Nonnunquam
1148 2185 1233 2232 mors
1248 2183 1338 2246 prae·

302 2274 431 2341 ferenda
446 2282 497 2342 est
512 2280 606 2342 vitae.
643 2279 756 2359 Itaque
775 2281 889 2344 malurn
907 2298 969 2344 non
986 2286 1043 2344 est.
1080 2279 1167 2343 Bona
1180 2279 1338 2358 valetudo,

302 2407 373 2452 cum
396 2391 554 2456 interdum
578 2411 639 2457 non
664 2393 766 2473 prosit
789 2411 890 2474 neque
907 2394 1044 2473 optanda
1068 2393 1119 2473 sit,
1143 2392 1259 2456 bonum
1274 2407 1338 2454 nou

302 2508 360 2580 est,
385 2520 409 2565 c.
435 2507 485 2568 38.

388 2630 435 2696 De
459 2631 578 2697 divitiis
601 2628 796 2714 quadruplex
820 2631 975 2701 est'ratio
998 2634 1251 2715 argumentandi:

391 2765 417 2823 1.
442 2761 564 2828 Diuites
583 2763 724 2828 homines
748 2765 899 2845 permulti
922 2765 1003 2830 male
1026 2765 1136 2830 vivunt
1156 2769 1189 2828 et
1203 2761 1338 2842 improbi

304 2876 390 2936 sunt.
436 2874 548 2955 ltaque
571 2875 715 2954 divitiae,
749 2895 819 2941 cum
848 2878 1058 2957 nonpossint
1085 2877 1183 2941 bonos
1206 2873 1338 2938 reddere

302 2983 455 3064 homines,
479 3003 542 3050 non
565 2991 640 3050 sunt
663 2986 759 3065 bona;
785 2993 934 3067 sal-3.

389 3101 418 3160 2.
442 3097 581 3164 Divitiae
610 3117 674 3162 non
704 3105 849 3179 prosunt,
884 3100 944 3164 nisi
978 3102 1062 3165 recte
1093 3099 1132 3163 iis
1161 3097 1208 3163 uti
1239 3097 1336 3176 scias;

301 3208 409 3289 itaque
431 3228 523 3290 saepe
550 3210 628 3275 nibil
651 3216 797 3291 prosunt:
825 3230 900 3293 ergo
927 3213 959 3276 in
983 3212 1072 3277 bonis
1100 3230 1162 3276 non
1185 3214 1260 3275 sunt
1283 3207 1338 3272 du·

302 3319 433 3400 cendae3
458 3327 605 3400 aea-5.

389 3437 418 3496 3.
443 3433 531 3498 Bona
552 3454 614 3501 non
639 3441 725 3518 sunt,
748 3455 830 3518 quae
850 3437 941 3502 malis
955 3441 986 3501 et
1001 3434 1146 3517 turpibus
1161 3433 1337 3499 actionibus

301 3547 464 3620 parantur.
510 3547 607 3627 Atqui
637 3548 767 3613 divitiae
796 3567 890 3629 saepe
922 3547 1101 3613 efficiuntur
1130 3547 1239 3625 caede,
1267 3564 1336 3627 pro·

302 3653 430 3736 ditione,
454 3656 575 3739 rapina,
600 3659 673 3724 aliis
696 3661 876 3726 sceleribus.
916 3661 1017 3739 Igitur
1039 3658 1169 3723 divitiae
1183 3676 1246 3723 non
1264 3662 1338 3721 sunt

302 3764 397 3844 bona;
422 3773 474 3850 40,
498 3774 550 3833 41.

389 3884 418 3944 4.
442 3881 490 3946 Ea
513 3899 593 3964 quae
616 3882 694 3947 nihil
717 3883 824 3949 obstat
846 3883 923 3966 quin
938 3882 1054 3946 babeat
1069 3880 1162 3944 bomo
1177 3879 1338 3959 improbus

300 4013 473 4028 *n—

391 4083 414 4153 Ι)
433 4083 517 4137 utun
536 4083 627 4138 11111.
647 4085 752 4139 errem
770 4085 796 4138 11
814 4102 841 4153 p.
861 4086 921 4141 ara.
