3124 4870
607 341 823 399 -81-

202 507 309 571 mundi
332 507 497 588 ratione¹),
520 508 570 572 vel
585 513 621 572 ut
635 504 898 588 Wachsmuthii²l
921 507 1026 571 verbis
1041 511 1127 571 utar:
1154 506 1237 588 ,Der

200 619 350 700 gattliche
375 617 466 684 Geist
489 621 531 684 im
554 620 726 685 Menschen
749 620 878 684 vertritt
901 619 952 683 die
976 619 1072 684 Stella
1095 619 1150 682 des
1173 619 1237 684 na-

199 729 337 812 mon“³).
384 731 436 796 Sic
458 732 606 797 facillime
628 733 777 814 explicari
800 733 878 795 mihi
901 732 1036 811 videtur,
1060 731 1143 814 quod
1166 732 1237 795 dot-

199 867 270 924 μων
293 851 327 909 et
351 841 539 927 δαιμόνιον,
563 847 646 928 quod
669 846 759 910 deum
782 847 877 924 vulgo
901 844 1074 927 significat,
1098 843 1181 907 inter
1203 861 1238 907 se

199 962 427 1036 permutantur.
490 959 584 1022 Ratio
622 959 704 1021 enim
743 958 882 1023 animum
917 959 1089 1022 humanum
1124 974 1236 1036 regens

200 1067 357 1152 (δαίμων)
381 1072 487 1135 eadem
512 1078 561 1136 est
584 1077 680 1151 atque
702 1073 770 1150 illa,
799 1089 879 1151 quae
908 1071 1058 1136 mundum
1081 1070 1239 1149 gubernat

199 1178 416 1264 (δαιμόνιον).
461 1184 628 1249 AStoicis
659 1184 772 1248 deinde
801 1184 852 1247 hic
881 1183 1041 1262 vocabuli,
1075 1183 1159 1264 quod
1190 1187 1239 1246 est

199 1294 342 1374 δαίμων,
372 1314 447 1360 usus
481 1297 521 1359 ad
550 1297 629 1361 alios
659 1296 843 1360 recentioris
879 1297 996 1360 aetatis
1027 1295 1237 1376 philosophos,

199 1409 252 1488 qui
275 1409 308 1472 in
332 1409 445 1473 morali
466 1409 685 1490 philosophiae
701 1417 791 1490 parte
814 1409 1002 1473 illustranda
1024 1408 1129 1472 studia
1144 1407 1237 1471 collo-

200 1520 332 1598 cabant,
362 1521 488 1586 videtur
518 1523 681 1586 transisse.
738 1523 831 1586 Haud
861 1522 997 1586 alienum
1028 1540 1048 1585 a
1077 1519 1239 1601 proposito

200 1637 307 1696 nostro
331 1639 381 1695 est
402 1635 487 1697 locos
510 1635 588 1698 duos
612 1635 721 1697 Dionis
746 1633 961 1716 chrysostomi
984 1650 1238 1698 commemorare.

201 1743 254 1808 Or,
272 1749 312 1809 23
335 1764 365 1826 p.
384 1750 444 1810 307
469 1745 564 1809 Dind.
580 1738 749 1826 εὐδαίμων
772 1747 799 1809 is
822 1746 947 1825 dicitur,
971 1747 1020 1808 cui
1043 1746 1143 1809 bonus
1166 1746 1239 1809 dae-

202 1875 272 1921 mon
297 1858 458 1936 obtigcrit.
499 1859 568 1935 Quo
591 1876 737 1922 concesso
761 1858 988 1922 existimaveris
1011 1859 1239 1940 κακοδαίμονα

201 1987 270 2032 eum
299 1988 382 2048 esse,
414 1988 547 2050 quocum
580 1971 681 2034 malus
709 1971 841 2035 daemon
871 1972 914 2035 sit
940 1971 1133 2036 coniunctus.
1179 1970 1238 2034 Sed

200 2080 278 2147 haec
300 2083 456 2146 conclusio
472 2083 611 2161 reicitur,
635 2085 710 2164 quia
726 2077 904 2165 δαιμόνιον
927 2082 1043 2147 malum
1066 2101 1137 2148 esse
1153 2083 1239 2146 nullo

200 2199 292 2274 pacto
318 2195 427 2274 possit,
456 2196 561 2260 3081.
590 2199 638 2258 10.
689 2195 751 2259 Ubi
781 2194 1006 2259 animadvertis
1033 2195 1120 2259 illam
1148 2213 1240 2258 voca-

201 2304 345 2370 bulorum
369 2309 499 2388 δαίμων
522 2315 554 2373 et
577 2301 767 2390 δαιμόνιον,
790 2308 928 2373 numinis
945 2307 1045 2371 divini
1067 2308 1239 2387 singularis

200 2419 336 2484 bominis
351 2422 456 2484 animo
475 2422 671 2486 inhaerentis
687 2429 719 2486 et
735 2422 784 2485 dei
800 2428 902 2485 totum
923 2420 1074 2484 mundum
1090 2422 1240 2500 regentis,

201 2531 283 2594 inter
299 2550 333 2596 se
347 2534 622 2613 permutationem,
662 2536 887 2616 Κοκοδαίμων
903 2533 1016 2598 deinde
1039 2535 1064 2598 is
1088 2551 1157 2598 esse
1171 2551 1241 2613 per·

200 2643 345 2726 hibetur,
374 2647 429 2729 qui
457 2649 594 2729 δαίμονι
626 2647 736 2729 utique
758 2647 840 2711 bono
864 2665 926 2712 non
949 2646 1097 2711 oboediat
1120 2645 1196 2727 (308
1221 2647 1241 2708 l.

203 2761 243 2821 20
268 2777 331 2841 sq,
355 2757 393 2822 cf.
418 2758 495 2824 Tab
521 2764 614 2838 24,3,
638 2759 691 2824 uhi
715 2760 823 2824 miseri
845 2759 869 2824 ii
892 2761 1049 2838 dicuntur,
1072 2760 1126 2839 qui
1150 2758 1240 2824 obliti

204 2877 278 2934 sunt
299 2874 458 2951 praecepti
475 2872 664 2952 daemonis).
702 2873 821 2936 Eadem
844 2879 940 2952 atque
962 2872 995 2934 in
1011 2871 1133 2936 Tabula
1155 2871 1241 2936 notio

203 2984 364 3062 vocabulo,
386 2987 469 3065 quod
487 2993 535 3048 est
552 2986 690 3067 δαίμων,
714 2988 822 3050 subest
836 2987 921 3064 apud
937 2984 1140 3049 Posidonium
1157 2981 1240 3062 (Gal

203 3095 350 3174 Hippocr.
372 3105 404 3161 ct
419 3097 502 3163 Plut.
519 3099 545 3162 V
563 3103 592 3178 6,
608 3117 638 3178 p.
652 3097 743 3180 469):
773 3092 816 3162 Τὸ
841 3089 882 3180 δὴ
905 3099 974 3161 τῶν
996 3099 1119 3160 παθῶν
1134 3101 1243 3160 uictor

203 3207 353 3273 τουτέστι
371 3213 429 3291 τῆς
452 3234 487 3274 τε
507 3203 730 3295 ἀνομολογίας
749 3208 804 3274 καὶ
824 3213 886 3274 τοῦ
906 3211 1151 3290 κακοδαίμονος
1165 3210 1243 3290 βίου

204 3311 241 3383 τὸ
265 3313 309 3402 μὴ
332 3315 500 3390 burdredo
523 3323 662 3388 ἕπεσθαι
688 3326 733 3412 τῷ
758 3322 794 3387 ἐν
817 3313 908 3412 αὐτῷ
931 3324 1068 3405 δαίμονι
1091 3331 1248 3404 συγγενεῖ

203 3475 374 3486 ——u--n

290 3563 311 3628 ¹)
329 3561 416 3616 Zeller
435 3563 477 3616 111
499 3567 510 3615 1
531 3579 557 3630 p.
577 3565 636 3618 297.

292 3665 312 3732 ²)
332 3666 382 3720 Die
400 3668 546 3723 Ansichten
565 3669 612 3722 der
631 3667 739 3722 Stoilrer
757 3669 822 3720 tiber
841 3666 947 3723 Mantik
960 3683 986 3722 u.
1000 3667 1137 3720 Dtmonen
1156 3681 1183 3732 p.
1202 3665 1245 3718 38.

202 3750 280 3806 Haud
299 3751 414 3806 alienum
434 3769 450 3806 a
470 3765 561 3808 nostra
579 3756 763 3822 disquisitione
788 3751 896 3808 videtur
921 3768 1129 3808 commemorare
1154 3765 1245 3803 recen·

202 3839 284 3892 tiores
303 3841 470 3907 potissimum
490 3841 594 3898 Stoicos
620 3845 666 3909 qui
691 3843 798 3896 luerunt
824 3839 887 3896 iude
906 3856 923 3892 a
943 3839 1076 3894 Posidonii
1099 3845 1189 3890 astate
1207 3841 1245 3890 sic

201 3925 234 3978 do
253 3925 426 3981 daanrouibus
445 3927 573 3984 docuisse.

289 4031 311 4099 ΙΙ)
330 4032 369 4088 ct.
388 4033 547 4089 Xenocratis
565 4033 642 4102 irgm.
668 4031 738 4102 apud
758 4027 834 4084 blull.
855 4029 898 4084 111
924 4044 951 4096 p.
972 4031 1036 4096 115,
1060 4027 1105 4096 qui
1129 4026 1246 4082 animum

201 4117 267 4172 dicit
286 4117 443 4172 daemonem
462 4134 521 4174 esse
540 4119 662 4174 hominis.

1011 4211 1029 4270 6
