3132 4874
648 365 861 426 ...45-

238 539 360 604 uccedit
393 539 536 605 Platonis
575 537 627 604 ille
661 539 762 619 locuS,
800 538 839 603 de
872 556 934 618 quo
968 555 1065 618 supra
1103 533 1272 615 diximus1)

237 651 389 734 (Eutliyd.
424 650 524 716 2801).
558 653 634 732 sq.),
672 651 727 716 ubi
761 650 840 715 haec
871 648 1018 730 legimus:
1059 635 1102 729 ἆῤ
1132 634 1196 712 οὖν
1229 641 1272 710 ἅν

237 785 268 826 τι
291 754 432 847 ὠφελοῖ,
456 765 487 827 εί
507 769 556 844 alu
579 758 687 844 μόνον
705 755 793 846 ἡμῖν
816 755 869 842 (τὰ
892 754 1035 845 ἀγαθοί),
1062 755 1220 848 χρῴμεθα
1242 751 1271 824 δ’

237 865 352 950 αὐτοῖς
375 869 482 958 μή...
522 862 587 956 Ἆρ’
621 861 685 940 οὖν
715 867 780 959 ἤδη
814 876 914 938 τοῦτο
949 866 1129 937 ἰκανὸν...
1167 867 1205 936 τό
1238 895 1273 936 τε

237 988 417 1068 κεκτῆσθαι
430 979 562 1069 τάγαθὰ
575 985 630 1052 καὶ
645 981 682 1052 co
699 991 843 1070 χρῆσθαι
860 977 993 1061 αὐτοῖς.
1008 1034 1035 1049 ..
1068 977 1146 1049 Ἐὰν
1161 977 1273 1066 ὀρθῶς

237 1097 475 1178 (280de);...
534 1102 575 1164 Τί
602 1086 665 1163 οὖν
696 1101 872 1180 συμβαίνει
905 1096 940 1162 ἐκ
973 1099 1041 1162 τῶν
1074 1095 1272 1179 eloquentum

203 1213 207 1220 ’
236 1203 317 1273 ἄλλο
340 1233 370 1274 τι
393 1203 414 1294 ἢ
436 1213 507 1275 τῶν
529 1207 590 1293 μὲν
613 1204 724 1275 ἄλλων
748 1203 849 1275 οὐδὲν
872 1201 913 1274 ὂν
936 1204 1012 1275 οὔτε
1035 1201 1168 1293 ἀγαθὸν
1196 1203 1272 1273 οὔτε

237 1316 352 1402 κακόν,
373 1317 511 1386 τούτοιν
533 1324 633 1386 δυοῖν
656 1315 772 1386 ὄντοιν
793 1313 814 1405 ἡ
837 1317 898 1402 μὲν
914 1323 1016 1403 σοφία
1033 1313 1176 1403 ἀγαθόν,
1199 1311 1273 1402 ἡδὲ

237 1423 366 1514 ἀμαθία
382 1429 529 1514 canoni)
553 1433 702 1499 Strictum
717 1433 830 1497 deinde
852 1433 884 1496 in
908 1434 1116 1499 conclusionis
1139 1431 1271 1496 formam

238 1544 320 1608 hanc
348 1544 538 1610 sententiam
565 1546 757 1624 redegerunt
779 1542 890 1622 Stoici,
918 1545 957 1610 de
980 1545 1092 1626 quibus
1115 1544 1273 1624 Diogenes

238 1655 386 1721 Laertius
409 1655 470 1720 vll
496 1662 571 1722 103:
600 1659 647 1720 ἔτι
674 1655 714 1721 δέ
738 1672 843 1739 φασιν
870 1641 896 1744 ᾦ
919 1657 1009 1720 ἔστιν
1032 1642 1070 1721 εὖ
1092 1653 1146 1720 καί
1168 1658 1276 1731 κακῶς

237 1769 393 1850 χρῆσθαι,
416 1771 516 1833 τοῦτο
540 1762 604 1834 οὔκ
619 1767 710 1833 ἐστιν
725 1760 859 1851 ἀγαθόν
872 1763 1023 1855 ’πλούτῳ
1040 1765 1077 1832 ol
1091 1765 1147 1832 καὶ
1164 1760 1273 1856 ὑγιείᾳ

237 1881 328 1943 ἔστιν
355 1866 394 1944 εὖ
421 1877 476 1944 καί
498 1883 606 1957 κακῶς
627 1883 792 1964 χρῆσθαι·
806 1872 868 1946 οὐκ
889 1874 954 1961 ἄρα
977 1871 1111 1962 ἀγαθὸν
1131 1883 1275 1956 πλοῦτος

236 1988 292 2054 καὶ
314 1983 433 2075 ὑγίεια.
479 1992 528 2059 cf.
552 1993 636 2058 Sext.
661 1994 782 2075 Empir.
806 1993 873 2058 adv.
899 1992 996 2057 math.
1020 1991 1065 2057 XI
1081 1997 1137 2057 61:
1160 1979 1186 2080 ᾧ
1210 1985 1274 2074 γὰρ

237 2103 327 2167 ἔστιν
355 2089 394 2168 εὖ
421 2101 476 2168 καί
500 2107 607 2179 κακῶς
628 2106 784 2187 χρῆσθαι,
811 2098 899 2170 τοῦτ’
923 2095 966 2168 ἂν
988 2110 1039 2187 εἴη
1062 2097 1273 2188 ἀδιάφορον·

237 2207 439 2290 διαπαντὸς
467 2207 599 2299 δ’ἆοειῂ
622 2214 683 2298 μὲν
706 2218 827 2296 καλῶς,
855 2212 1155 2302 nantulliacensis,
1178 2208 1273 2303 ὑγεία

237 2323 274 2391 ot
296 2323 351 2392 καί
378 2335 448 2402 τοῖς
475 2323 550 2407 περὶ
581 2323 707 2411 σώματι
730 2324 809 2392 ποτὲ
836 2325 897 2411 μὲν
926 2315 979 2407 εὖ,
1006 2325 1085 2393 ποτὲ
1108 2325 1145 2393 ot
1167 2332 1274 2404 κακῶς

238 2441 307 2502 aa
336 2442 482 2522 χρῆσον
510 2437 606 2520 (auem
634 2439 819 2521 Pyrrum
850 2439 934 2522 ιιι).
979 2439 1062 2506 Plu.
1090 2440 1184 2506 stuc.
1207 2416 1291 2523 rep?

237 2555 325 2630 3l,l:
354 2537 381 2638 ᾦ
403 2543 469 2633 γὰρ
486 2553 577 2615 ἔστιν
596 2537 636 2616 εὖ
655 2546 841 2634 χρήσασδαι
857 2549 911 2616 καὶ
926 2554 1044 2632 κακῶς,
1067 2549 1167 2617 τοῦτό
1190 2570 1273 2636 φασι

235 2653 307 2743 μήτ’
332 2653 466 2744 ἀγαθὸν
488 2656 575 2726 εἶναι
598 2658 679 2746 μήτε
701 2657 845 2743 κακόνθ).

322 2773 406 2838 Item
429 2771 542 2839 Stoicis
565 2776 719 2841 usitatam
741 2775 840 2840 luisse
862 2795 932 2840 eam
955 2777 1273 2857 argumentationem,

236 2901 315 2964 quae
342 2885 524 2951 continetur
551 2905 576 2952 c.
600 2891 726 2951 40-41
763 2881 828 2968 (ὅτι
856 2879 898 2951 οὐ
925 2891 1073 2971 γίγνεται
1100 2886 1136 2952 ἐκ
1162 2890 1274 2952 κακῶν

235 2985 370 3076 ἀγαθόν
392 3000 486 3079 cet),
510 3000 602 3064 testis
625 3003 674 3062 est
696 2997 827 3078 Seneca,
850 3001 959 3080 quiin
981 3000 1156 3066 Stoicorum
1180 3020 1274 3082 argu-

235 3108 362 3186 mentis,
384 3127 467 3190 quae
490 3114 583 3174 erant
598 3109 636 3172 de
653 3107 825 3174 mediarum
842 3129 948 3176 rerum
962 3112 1193 3191 aestimatione,
1216 3112 1275 3176 hoc

238 3235 363 3299 quoque
393 3219 486 3287 docet
508 3221 605 3287 luisse
634 3226 696 3303 (ep.
721 3223 844 3302 87,22):
890 3223 1012 3288 Bonum
1042 3241 1080 3286 ex
1107 3223 1189 3286 malo
1212 3241 1274 3287 non

236 3329 281 3409 lit,
293 3327 373 3395 liunt
385 3338 494 3397 autem
504 3352 542 3397 ex
554 3334 690 3398 avaritia
705 3333 847 3399 divitiae:
865 3351 940 3416 ergo
951 3353 1013 3399 non
1020 3341 1101 3401 'sunt
1113 3337 1229 3400 bonum
1238 3336 1272 3415 ¹).

322 3443 360 3506 ld
381 3461 506 3526 quoque
529 3451 764 3526 argumentum,
796 3445 880 3526 quod
909 3447 1021 3513 ultimo
1052 3447 1119 3514 loco
1142 3465 1274 3513 comme

235 3556 370 3621 moravit
385 3555 486 3623 Cebes
506 3555 611 3638 (41,3:
635 3549 715 3622 οὐδὲ
729 3549 891 3640 ὑπάρχειν
913 3552 980 3640 ἅμα
1002 3563 1048 3647 τῷ
1064 3553 1154 3648 αὐτῷ
1171 3554 1273 3624 δύνα-

237 3711 408 3720 ο--ῄ--η

322 3793 343 3863 ¹)
363 3794 395 3848 cl.
415 3811 499 3865 supra
516 3813 543 3865 p.
561 3799 604 3851 41.

320 3879 347 3948 ²)
366 3880 399 3934 cl.
419 3881 488 3937 Plat.
506 3882 587 3937 Meno
605 3887 652 3952 88,
671 3884 753 3953 Eryx.
773 3887 833 3938 397.

322 3967 346 4034 ³)
366 3968 467 4024 Similia
493 3969 593 4024 invenis
619 3971 690 4028 Plut.
715 3987 803 4038 quom.
829 3971 872 4026 ad.
898 3977 969 4040 poet.
991 3971 1050 4024 sud.
1076 3973 1109 4025 34
1128 3971 1156 4038 tl,
1182 3973 1215 4024 36
1234 3971 1274 4026 cd.

321 4051 348 4124 ⁴)
367 4055 406 4110 Cf.
432 4059 552 4112 Clemens
576 4061 673 4114 Strom.
702 4058 738 4112 lv
762 4061 845 4112 latez
873 4049 989 4125 ἀγαθοῦ
1014 4055 1045 4112 ot
1070 4053 1220 4126 ποιητικὸν
1242 4053 1272 4113 co

233 4133 324 4193 κακὸν
342 4131 396 4194 οοίι
415 4133 451 4196 ἂν
472 4139 595 4209 γίνοιτο.
