3132 4874
628 340 843 400 „21-

218 511 374 592 Kpcnxol
378 525 439 574 non
448 507 586 590 genuina
596 525 666 573 esse
673 511 782 573 censet
790 506 930 588 exceptis
939 505 1002 570 his:
1016 497 1255 587 Ἇρυθμητικοί,

217 619 420 705 Γεωμὲτραι,
443 613 664 703 Ἆστρολόγοι.
718 621 822 702 Atque
851 619 1000 684 Feurlino
1027 625 1060 684 et
1092 617 1254 682 Bruckero

216 735 403 800 documento
432 741 481 800 est
511 731 664 800 chalcidii
694 733 869 812 silentium,
899 731 953 812 qui
983 749 1020 796 eo
1047 732 1129 810 loco,
1160 747 1255 810 quem

216 865 312 929 upra
319 844 344 927 ¹)
363 847 594 929 exscripsimus,
610 852 836 912 commemorat
852 845 1069 928 geometriam,
1092 845 1254 924 musicam,

216 960 460 1039 arithmeticam,
476 960 704 1025 astronomiam
714 977 815 1041 neque
825 957 1015 1024 mentionem
1031 955 1109 1023 facit
1123 956 1253 1039 Peripa·

215 1073 397 1154 tetieomm,
425 1073 672 1153 Hedonicomm,
709 1071 923 1138 criticorum·
958 1071 1002 1137 At
1036 1071 1142 1152 agitur
1171 1071 1254 1152 apud

217 1185 413 1252 chalcidium
429 1185 469 1251 de
488 1186 686 1268 „praecipuis
702 1185 865 1266 doctrinis,
888 1202 967 1267 quas
989 1185 1145 1263 ingenuas
1162 1183 1255 1248 disci·

215 1299 334 1382 plinas“
360 1299 600 1380 appellaverunt
621 1303 755 1364 veteres.
801 1298 914 1378 ltaque
936 1298 989 1361 ille
1012 1314 1074 1362 non
1089 1303 1255 1362 enumerat

215 1411 277 1476 nisi
300 1429 353 1476 eas
376 1415 472 1490 artes,
495 1429 578 1492 quae
593 1411 633 1476 ad
650 1417 772 1477 certum
786 1411 875 1475 illum
891 1410 1130 1492 disciplinarum
1145 1409 1252 1474 orbem

215 1524 557 1605 pertinebant3quibus
568 1523 826 1606 philosophorum
838 1523 963 1589 scholas
972 1522 1126 1604 quasdam
1137 1523 1254 1587 addere

218 1654 288 1702 cum
306 1635 478 1701 absurdum
494 1633 600 1714 fuerit,
622 1654 685 1701 non
705 1641 792 1702 recte
811 1636 1040 1716 colligeremus,
1058 1633 1253 1700 chalcidium

99 1817 104 1826 ,
216 1749 499 1830 Peripateticorum
522 1753 555 1814 et
577 1747 809 1814 Hedonicorum
831 1750 961 1813 nomina
984 1748 1018 1812 in
1038 1766 1095 1813 suo
1110 1746 1253 1813 Tabulae

214 1860 387 1942 exemplari
411 1878 473 1925 non
495 1860 664 1925 invenisse.
702 1860 832 1925 Accedit
855 1860 951 1925 aliud.
986 1859 1067 1925 Nam
1091 1859 1119 1925 si
1137 1861 1252 1939 omnia,

214 1991 295 2056 quae
317 1973 401 2054 apud
422 1971 572 2038 Cebetem
592 1971 773 2052 exstabant,
796 1972 925 2038 nomina
943 1992 962 2037 a
980 1970 1141 2037 chalcidio
1165 1978 1253 2038 tran-

214 2085 332 2168 scripta
355 2103 426 2151 esse
451 2085 630 2165 existimas,
654 2085 751 2150 etiam
774 2084 852 2149 illud
869 2076 1058 2167 ‘Ppcopcuoi
1078 2085 1253 2150 eiciendum

214 2204 271 2278 est,
295 2199 378 2280 quod
401 2216 503 2280 neque
525 2197 572 2261 illi
594 2197 760 2263 delendum
784 2216 853 2263 esse
867 2198 931 2263 rati
946 2202 1030 2274 sunt,
1054 2215 1156 2280 neque
1171 2198 1253 2262 alius

212 2312 380 2392 quisquam
418 2311 453 2374 in
489 2311 700 2392 suspicionem
737 2327 851 2374 vocare
885 2310 1011 2374 audeat.
1068 2309 1135 2375 Hoc
1169 2310 1251 2375 enim

212 2424 399 2489 vocabulum
427 2422 512 2489 inira
533 2423 711 2490 videbimus
730 2423 809 2490 adeo
831 2423 883 2489 hic
905 2423 1094 2504 desiderari,
1123 2429 1160 2490 ut
1183 2425 1210 2490 si
1233 2443 1253 2488 a

214 2537 373 2603 codicibus
395 2536 534 2601 alienum
557 2541 651 2615 esset,
674 2535 773 2601 inseri
796 2536 935 2601 deberet.

298 2649 462 2715 Hactenus
485 2649 524 2714 de
540 2648 688 2713 Fenrlino
710 2653 742 2713 et
757 2647 927 2713 Bruckero.
963 2647 1133 2730 Kloplerus
1153 2649 1250 2714 aliam

213 2763 367 2828 rationem
395 2779 459 2827 non
489 2759 583 2826 affert
614 2759 676 2826 nisi
708 2759 790 2840 quod
818 2759 993 2827 aSocrate
1023 2761 1250 2842 arithmeticos,

212 2879 405 2956 geometras,
436 2874 613 2955 astrologos
635 2872 824 2955 reprebendi
852 2874 961 2939 solitos
985 2892 1054 2940 esse
1076 2875 1252 2956 Xenophon

212 2983 416 3066 tradiderit2).
467 2986 536 3064 Qua
565 3003 600 3050 re
632 3002 694 3050 non
726 2983 823 3064 effici,
854 2993 889 3050 ut
922 3003 962 3049 ne
992 2985 1091 3050 (lebes
1126 2986 1252 3067 quidem

212 3099 347 3165 aliarum
370 3098 487 3164 artium
517 3097 676 3163 studiosos
699 3099 1004 3178 commemoraverit,
1039 3114 1102 3163 non
1124 3105 1173 3164 est
1195 3116 1251 3162 cur

212 3211 356 3292 pluribus
378 3211 600 3277 demonstrem.

299 3323 385 3390 Haec
397 3324 496 3406 igitur
507 3327 696 3406 argumenta
707 3341 726 3387 a
737 3322 909 3402 Bruckero,
925 3323 1083 3405 Feurlino,
1100 3323 1251 3408 Klopfero

212 3436 311 3502 allata
340 3454 402 3502 non
433 3435 592 3502 sufficiunt
623 3435 662 3498 ad
697 3435 907 3517 suspicionem
940 3435 990 3503 his
1019 3438 1059 3503 de
1090 3439 1251 3507 vocabulis

212 3550 406 3615 movendam.
445 3550 488 3614 At
510 3555 621 3614 contra
636 3565 673 3612 ea
689 3549 877 3627 gravissima
899 3557 984 3631 sunt,
1007 3569 1088 3634 quae
1103 3553 1190 3619 solus
1212 3573 1251 3619 ex

211 3661 274 3742 eis,
306 3662 359 3742 qui
389 3661 543 3727 Tabulam
573 3660 733 3726 Socratico
766 3660 875 3729 (lebeti
898 3663 1107 3746 abrogarunt,
1131 3666 1169 3730 de
1192 3667 1251 3732 hoc

297 3849 309 3886 ²
361 3889 368 3904 .
389 3853 429 3910 11.

299 3849 324 4006 ’ζ
342 3866 420 4006 Ιὀιιοῑὶ
438 3935 584 4007 Kloplarus
606 3937 671 3993 dicit
685 3929 845 4006 ⁸Hdosuuel,
870 3939 1105 4007 Περιπατητικοί,
1124 3941 1256 4008 Κριτικοί

114 4091 125 4102 ἱ
212 4023 239 4077 in
258 4024 379 4077 versione
392 4023 507 4078 Arabica
524 4023 621 4092 deame,
640 4038 731 4078 errore
751 4023 790 4077 vir
808 4025 901 4080 doctus
919 4031 1014 4094 captus
1033 4031 1080 4080 est.
1116 4026 1147 4080 ln
1161 4025 1251 4081 Elich·

210 4109 354 4165 msnnians
366 4111 436 4164 enim
448 4109 570 4164 versione
583 4111 651 4165 haec
662 4115 780 4164 exstant:
802 4111 933 4180 ,Istorum
946 4110 1038 4182 aliqui,
1050 4111 1145 4182 inquit,
1158 4113 1250 4183 appel·
