3124 4870
608 385 843 444 -123-

210 555 310 633 dnum,
334 554 536 620 Posidonium
561 554 657 636 (apud
678 555 899 635 Athenaeum),
923 556 1098 638 Polybium,
1123 555 1246 621 Plutar-

210 667 311 731 chum.
321 668 345 744 1)

296 774 550 859 καθεστηκώς
591 779 772 859 significuus
808 780 972 859 „sedatus“
1010 780 1094 861 apud
1127 780 1248 845 Aristo-

213 889 348 968 phanem
372 890 532 956 invenitur
552 875 619 956 nan.
644 897 735 957 1003.
775 891 952 956 Drosihnus
969 891 1193 956 animadvertit
1208 890 1247 956 de

213 1004 358 1083 personis
382 1023 444 1068 non
461 1010 534 1068 ante
550 1004 753 1080 Plutarchum
771 1004 914 1085 usurpari
930 1003 1008 1068 illud
1024 998 1246 1085 καθεστηκώς.

214 1115 255 1178 nt
278 1115 362 1196 apud
379 1115 572 1181 Herodotum
597 1115 640 1196 (7,
655 1115 731 1198 205)
754 1116 832 1182 haee
855 1121 996 1181 exstant:
1020 1110 1250 1196 ἐπιλεξάμενος

211 1219 337 1306 ἄνδρας
365 1230 585 1302 κατεστεῶτας
623 1230 843 1308 τριηκοσίους.
910 1228 1039 1292 Accedit
1066 1225 1150 1308 quod
1172 1227 1249 1292 illud

213 1344 438 1418 καθεστηκυῖα
467 1333 503 1402 τὸ
531 1335 712 1420 πρόσωπον
736 1340 826 1419 (Tau.
855 1343 937 1418 18‚1)
969 1339 1051 1404 idem
1082 1345 1131 1404 est
1154 1348 1249 1420 utque

217 1444 253 1514 τὸ
285 1446 467 1531 πρόσωπον
490 1455 611 1533 ἔχουσα
639 1447 844 1532 καθεστηκός
871 1451 923 1530 (cf.
952 1451 1020 1515 Dio.
1046 1451 1157 1533 Chrys.
1181 1455 1195 1515 l
1219 1471 1248 1533 p.

216 1568 254 1627 15
279 1563 376 1628 Dind:
409 1557 591 1644 καθεστηκί
599 1588 615 1638 ς
651 1560 687 1627 dl
714 1561 768 1627 καὶ
798 1558 916 1645 ὅμοιον
944 1556 1046 1644 αὐτῆς
1069 1557 1105 1626 τὸ
1137 1559 1250 1642 εἶδος),

214 1676 259 1738 ita
281 1682 317 1740 ut
339 1677 388 1740 vix
412 1677 489 1741 illud
518 1677 724 1758 premendum
747 1678 802 1757 sit,
826 1679 908 1757 quod
938 1677 996 1742 hoe
1023 1677 1091 1741 loco
1119 1677 1158 1740 de
1181 1695 1250 1756 per·

216 1806 291 1853 sona
313 1783 526 1869 καθεστηκώς
549 1788 723 1854 adhibitum
748 1795 805 1854 est.

299 1899 581 1981 καταστρέφειν
603 1899 713 1966 eudem
729 1899 960 1980 significatione
984 1906 1079 1980 atque
1101 1900 1160 1962 hoc
1182 1899 1251 1963 loeo

215 2011 301 2091 (Tab.
332 2013 417 2092 lon)
448 2019 653 2093 usurpatum,
684 2020 719 2077 ut
748 2019 831 2078 esset
864 2013 1027 2093 „degere“‚
1056 2031 1119 2076 non
1147 2011 1251 2075 inveni

214 2125 276 2188 nisi
302 2126 386 2206 apud
418 2125 583 2208 Polybium
609 2130 635 2204 1,
651 2131 739 2207 25,6:
771 2123 845 2206 περὶ
868 2118 985 2206 μικρὰς
1006 2120 1139 2205 πράξεις
1160 2121 1251 2186 κατέ-

217 2234 399 2318 στρεψανῖ)
427 2230 507 2312 τοὺς
528 2233 680 2320 χρόνους.
732 2237 854 2304 Ceteris
880 2237 956 2302 locis
979 2238 1124 2301 omnibus
1155 2257 1252 2298 κατα-

215 2348 370 2430 στρέφειν
394 2343 454 2413 τὸν
469 2352 547 2429 βίον
562 2354 610 2414 est
625 2348 716 2413 finire
732 2351 840 2430 vitem,
864 2350 885 2412 i.
902 2368 928 2412 e.
947 2349 1097 2413 decedere
1115 2348 1154 2411 de
1176 2348 1251 2412 vita.

215 2461 322 2526 Etiam
356 2460 406 2526 hie
440 2480 515 2526 usus
549 2463 758 2526 recentiorum
790 2468 853 2541 est,
887 2461 1066 2539 Plutarchi,
1102 2460 1253 2541 Diogenis

216 2571 345 2638 Laertii.

303 2686 514 2768 κεκριμένη
547 2679 681 2770 ἡλικία
713 2688 815 2768 (lul)
843 2687 969 2752 aliunde
999 2685 1104 2750 efferri
1133 2683 1254 2765 nequit.

217 2796 334 2862 Tamen
357 2799 463 2864 neseio
492 2819 532 2865 an
560 2801 632 2866 huic
654 2802 701 2865 rei
729 2819 789 2866 non
815 2801 945 2864 nimium
973 2798 1174 2864 tribuendum
1201 2797 1253 2859 sit.

217 2911 380 2976 Invenitur
402 2912 485 2976 enim
502 2914 612 2994 partic.
637 2912 829 2996 κεκριμένος
849 2912 1009 2976 simillime
1024 2908 1255 2990 significatione

217 3023 401 3105 adhibitum,
426 3025 486 3088 nisi
502 3025 585 3104 quod
601 3043 670 3089 cum
687 3025 750 3089 alio
766 3026 894 3089 nomine
916 3024 1128 3103 coniungitur.
1163 3017 1254 3100 Apud

218 3134 412 3202 Herodotum
430 3142 498 3215 3‚31
518 3135 705 3218 κεκριμένοι
725 3132 847 3217 ἄνδρες
862 3142 937 3201 sunt
962 3135 1105 3217 „probati
1129 3132 1205 3198 οἰκί’*
1218 3129 1254 3210 ³).

219 3246 286 3324 Quo
309 3265 346 3311 ex
369 3267 427 3312 usu
451 3247 559 3313 dubito
587 3266 627 3312 an
657 3248 733 3312 illud
761 3246 934 3331 κεκριμένη
957 3239 1069 3331 ἡλικία
1092 3247 1138 3310 ita
1160 3243 1255 3325 expli·

217 3360 352 3424 eundum
371 3360 428 3436 ¹sit,
451 3364 487 3423 ut
510 3358 550 3423 ab
578 3357 756 3425 hominibus
786 3366 904 3424 eertum
927 3359 1085 3441 quendam
1108 3362 1256 3436 aetatem,

225 3518 341 3526 -uu——-
373 3519 394 3524 ·-

307 3599 326 3664 ¹)
346 3601 413 3654 Xon.
429 3615 521 3654 comm.
535 3603 560 3666 2,
577 3603 600 3667 l,
614 3603 646 3652 22
660 3601 736 3655 codd.
750 3601 805 3654 AB
822 3600 954 3669 praebent
972 3594 1174 3668 καθαριότητα
1193 3598 1257 3651 Din-

221 3683 320 3740 dorfius
332 3687 437 3754 scripsit
449 3679 661 3754 καθαρειότητι,
674 3686 824 3756 Sauppeiue
838 3679 1023 3755 καθαρότητι.
1056 3685 1154 3740 Nescio
1167 3699 1201 3738 an
1213 3684 1257 3736 hic

221 3768 294 3822 locus
318 3770 407 3825 Cebeti
421 3773 577 3828 obversatus
595 3773 637 3826 eit.
656 3773 758 3840 Quodsi
777 3771 861 3826 subet.
880 3763 1056 3836 καθαριότης
1074 3771 1146 3838 apud
1169 3769 1257 3823 Xeno·

220 3856 348 3924 phontem
367 3857 480 3926 obvenit,
498 3874 562 3914 cusu
580 3857 680 3912 lectum
699 3873 757 3912 esee
776 3863 934 3925 statuemus,
952 3863 982 3910 ut
999 3855 1052 3911 adi.
1071 3849 1213 3923 καθάριος
1224 3869 1258 3908 ex

222 3943 292 3996 bonu
311 3943 461 3997 Graecitutu
480 3945 558 3998 hodie
577 3943 667 3998 afferri
684 3960 738 3997 nou
756 3951 854 4011 posset.

309 4029 334 4096 ²)
353 4029 399 4082 ubi
417 4029 572 4086 Hulteohiue
590 4029 680 4084 scribit
698 4025 881 4098 κατέτριψαν.

308 4117 334 4186 ⁸)
353 4117 432 4171 alitor
450 4117 605 4186 Kruegerun
623 4123 650 4170 et
669 4117 797 4172 Sieiniuu:
817 4115 949 4184 Ἰτε]οοῑί“.
