3124 4870
686 381 924 441 -124—

287 566 349 630 qua
371 566 474 614 mores
498 549 621 629 probati
637 566 706 613 esse
729 551 842 630 solent,
859 550 1028 630 agentibus
1051 551 1090 614 ad
1114 551 1216 631 ipsam
1238 551 1325 616 illam

288 664 425 724 aetatem
450 661 527 726 illud
541 661 729 726 vocabulum
747 662 788 726 sit
804 664 1003 728 translatum.
1051 663 1136 727 ldem
1153 666 1237 727 certe
1260 663 1326 729 fac-

288 777 354 836 tum
392 777 440 837 est
478 773 511 837 in
549 773 716 854 vocabulo,
755 774 837 854 quod
872 773 963 839 modo
1000 775 1325 856 commemoravimus,

287 879 507 964 καθεστηκώς.
556 883 602 950 Ut
631 884 715 949 enim
743 884 859 950 dicitur
889 869 1147 966 ,καθεστηκότες
1174 880 1327 970 dotare,

287 996 333 1062 ita
355 1015 394 1061 ea
417 1003 517 1072 aetas,
540 1014 603 1077 qua
618 1002 799 1063 constantes
815 1004 847 1063 et
869 998 1077 1080 quasipsedati
1101 999 1243 1065 homines
1258 1017 1328 1065 esse

289 1108 401 1188 solent,
425 1115 556 1174 vocatur
580 1115 806 1190 καθεστηκυῖα
829 1100 940 1193 ἡλικία
963 1109 1073 1190 (Thus.
1099 1112 1195 1191 2,3s).

373 1220 584 1297 κενοδοξία
607 1219 709 1302 (24,2)
733 1227 837 1288 exstat
860 1223 943 1303 apud
959 1222 1125 1305 Polybium
1148 1228 1179 1288 ct
1201 1223 1328 1288 Plutar-

287 1332 390 1397 chum.

375 1442 436 1508 ἐν)
466 1448 688 1528 κεφαλαίου
719 1445 822 1525 (28,3)
850 1452 974 1527 praeter
1006 1447 1132 1511 Pinacis
1166 1451 1325 1512 auctorem

288 1574 370 1621 unus
394 1556 541 1638 Polybius
570 1557 728 1636 adhibuit;
755 1558 836 1637 plur.
865 1575 949 1622 num.
973 1555 1026 1622 ἐπὶ
1054 1561 1245 1640 κεφαλαίων
1268 1559 1328 1623 De-

289 1669 478 1750 mosthenes,
502 1669 686 1734 Aeschines.
732 1669 880 1749 (Aristot.
905 1669 958 1736 aar
980 1674 1160 1760 κεφαλαίῳ,
1182 1689 1245 1736 uno
1260 1672 1328 1736 loco

288 1780 335 1844 cd.
361 1778 405 1844 Kb
423 1778 472 1844 Nl
495 1784 704 1863 κεφαλαίου.)

375 1896 567 1975 κριτικοί;
591 1892 630 1957 cf.
654 1913 750 1975 supra
772 1913 802 1975 p.
828 1899 867 1959 57
891 1913 938 1975 sq.
1107 1973 1109 1977 v

376 1999 661 2088 λειμωνοειδής
684 2004 789 2086 (17,1)
812 2007 893 2071 alias
916 2025 1069 2089 nusquam
1092 2007 1260 2088 reperitur.

375 2115 557 2193 μέθυσος
580 2116 692 2200 (34,3).
747 2117 877 2184 Veteres
912 2119 1112 2200 grammatici
1138 2119 1176 2183 de
1204 2117 1329 2183 feminis

290 2229 347 2292 hoc
377 2231 564 2295 vocabulum
599 2231 710 2295 volunt
743 2231 904 2310 usurpari,
935 2231 973 2296 de
1002 2231 1078 2296 viris
1111 2225 1248 2314 μεθύων
1278 2231 1328 2294 uel

290 2336 492 2422 μεθυστικός
515 2340 569 2423 (cl.
594 2343 670 2407 Lob.
692 2342 808 2425 Phryn.
832 2361 863 2424 p.
883 2342 968 2425 151).
1013 2343 1060 2407 Dc
1083 2343 1159 2408 viris
1182 2340 1330 2435 μέθυσος

291 2453 410 2534 primus
438 2453 583 2519 adhibuit
613 2454 804 2532 Menander;
836 2455 920 2536 apud
950 2455 1141 2520 recentiores
1172 2453 1223 2519 hic
1253 2472 1328 2519 usus

291 2567 462 2648 increbuit;
495 2585 512 2631 e
541 2567 655 2648 quibus
687 2567 953 2634 commemorandi
983 2573 1057 2632 sunt
1085 2565 1272 2632 Plutarchus
1296 2571 1330 2630 et

290 2677 458 2743 Lucienus.

379 2786 584 2873 (μετάνοια
606 2792 723 2873 legitur
744 2794 827 2874 apud
848 2792 1075 2874 Antiphontem
1091 2797 1166 2858 tetr.
1183 2795 1264 2868 2,4,
1279 2793 1329 2868 12,

293 2903 324 2967 id
349 2904 431 2985 quod
454 2905 594 2986 neglexit
620 2904 805 2970 Drosihnus.
859 2904 1069 2986 Frequentius
1093 2909 1142 2968 est
1168 2902 1252 2983 apud
1280 2919 1329 2966 re·

292 3017 463 3096 centiores;
487 3017 677 3082 Plutarchus
700 3016 785 3081 haud
808 3035 881 3081 raro
904 3014 1087 3095 coutitur.)

378 3131 540 3213 νανανῶ
564 3127 667 3210 (24,2)
684 3148 722 3194 ex
737 3147 851 3210 prosae
867 3127 1021 3195 orationis
1044 3125 1250 3207 scriptoribus
1266 3125 1330 3204 pri·

293 3258 363 3303 mus
386 3241 600 3321 metaphorice
623 3240 768 3307 adhibuit
791 3240 1026 3323 Theophrastus
1049 3238 1133 3320 apud
1156 3237 1329 3316 Diogenem

292 3351 455 3417 Laertium
480 3358 508 3432 5,
523 3358 562 3417 55
576 3353 599 3432 1)
607 3375 615 3432 ;
639 3373 676 3418 ex
699 3351 927 3418 recentioribus
949 3351 1148 3416 Plutarchus.
1178 3427 1181 3432 ‚

381 3458 616 3547 οἰκητήριον
640 3462 741 3547 (17,3)
764 3464 891 3530 obvenit
905 3463 990 3547 apud
1004 3462 1188 3544 Euripidem
1209 3466 1242 3525 et
1257 3459 1330 3523 Plu-

290 3576 445 3642 tarchum.

379 3680 481 3771 ὀχλῶ
507 3686 619 3770 (15,2),
643 3689 751 3768 Ipsum
773 3686 903 3752 uerbum
935 3688 998 3751 iam
1029 3686 1189 3752 Herodoto
1217 3687 1249 3751 in
1272 3703 1330 3750 usu

381 3878 401 3944 1)
421 3879 622 3933 Testamentum
654 3875 835 3945 Theophrasti
859 3874 915 3929 illic
937 3873 1066 3930 traditum
1096 3889 1157 3926 uum
1186 3873 1328 3941 genuinum

294 3963 329 4018 sit
347 3965 518 4019 vehementer
536 3964 636 4020 dubito.
676 3961 929 4018 Pseudo-Demostb.
947 3960 1021 4014 loeus
1039 3961 1168 4028 1410,10,
1186 3975 1246 4014 curn
1264 3975 1330 4028 qua·

293 4065 354 4104 nam
375 4057 464 4105 aetate
477 4051 591 4120 scriptus
603 4050 637 4106 sit
650 4066 703 4106 non
717 4056 828 4118 constet,
845 4048 880 4103 ad
898 4055 1016 4103 nostram
1035 4046 1244 4116 disquisitionem
1265 4046 1330 4100 nihil

292 4136 370 4191 valet.
