3132 4874
637 335 851 392 ..47-

225 503 304 569 illud
326 513 413 570 certo
436 502 595 585 explorari
619 508 774 584 nequeat,
806 502 879 568 huic
909 501 1060 584 temporis
1082 505 1176 566 notae
1198 518 1261 566 nou

225 615 359 680 multum
381 615 557 680 tribuemus
579 616 742 682 momenti.

311 727 361 792 Ex
383 726 443 792 hac
464 745 569 792 rerum
588 732 790 793 ertemarum
814 727 1035 793 aestimatione
1051 724 1264 806 consequitur,

225 845 346 904 utnon
369 837 548 904 affectanda
571 839 614 905 sit
636 857 745 904 earum
768 838 943 919 possessio,
975 838 1163 919 praesertim
1193 853 1263 900 cum

225 951 409 1016 inconstans
433 950 477 1014 sit
494 949 648 1030 Fortuna,
671 968 754 1032 quae
768 968 823 1015 eas
839 949 1003 1015 distribuit
1025 949 1065 1022 (c.
1091 946 1156 1026 31).
1195 947 1265 1011 Hoc

225 1066 275 1128 est
296 1067 528 1143 argumentum,
551 1079 613 1142 quo
636 1061 732 1126 etiam
747 1065 844 1142 atque
859 1062 953 1128 etiam
971 1058 1069 1126 Stoici
1092 1061 1263 1140 ceterique,

225 1175 278 1254 qui
301 1172 342 1238 ad
365 1191 560 1239 communem
583 1172 836 1254 intellegentiam
850 1173 1086 1239 accommodate
1109 1172 1148 1237 de
1171 1171 1265 1236 rebus

227 1284 400 1350 moralibus
422 1290 646 1375 exposuerunt,
669 1283 846 1366 philosophi
866 1283 1050 1350 recentioris
1076 1283 1193 1348 aetatis
1215 1282 1265 1346 usi

227 1401 309 1475 sunt,
330 1402 367 1461 nt
381 1395 423 1461 ab
438 1395 565 1460 illarum
580 1413 685 1460 rerum
700 1396 873 1477 cupiditate
888 1399 921 1460 et
936 1395 1041 1460 studio
1056 1394 1264 1460 deterrerent.

227 1507 292 1572 Nec
314 1509 438 1572 mirum.
483 1507 645 1573 Libertate
668 1508 751 1573 enim
768 1506 922 1572 Graeciae
944 1507 1093 1587 adempta
1116 1503 1266 1568 marima-

226 1637 287 1700 que
309 1620 448 1686 omnium
479 1638 584 1684 rerum
615 1619 791 1685 mutatione
824 1616 938 1685 effecta
969 1616 1037 1683 fieri
1067 1635 1132 1683 non
1162 1615 1268 1696 potuit

227 1732 302 1812 quin
325 1732 429 1796 minus
452 1731 515 1796 iam
538 1730 651 1796 Graeci
681 1731 721 1796 de
750 1737 836 1796 sorte
867 1749 925 1796 sua
948 1728 1143 1796 confiderent
1165 1726 1267 1792 tristi·

227 1861 326 1924 usquc
354 1843 394 1908 de
425 1844 520 1907 rebus
550 1843 696 1908 humanis
719 1843 895 1924 inciperent
922 1842 1051 1909 sentire.
1099 1839 1196 1906 Cuius
1218 1837 1267 1902 rei

227 1954 382 2020 illustrius
400 1953 550 2019 indicium
566 1972 637 2020 esse
651 1971 715 2020 nou
730 1959 846 2034 potest,
869 1971 964 2034 quam
979 1953 1063 2035 quod
1078 1953 1264 2028 Fortunam,

226 2085 321 2150 quam
343 2066 486 2147 prosperi
517 2083 680 2132 successus
708 2064 801 2131 deam
831 2064 1019 2148 intellegere
1048 2064 1133 2131 soliti
1163 2072 1266 2148 erant,

227 2179 301 2244 inde
323 2179 364 2244 ab
387 2197 426 2243 ea
448 2183 556 2244 aetate
571 2197 686 2243 numen
702 2196 771 2244 esse
787 2177 955 2243 voluerunt
970 2179 1093 2243 varium
1115 2185 1148 2244 et
1162 2186 1267 2246 muta·

227 2290 304 2369 bile,
327 2291 417 2355 cuius
439 2292 481 2356 ab
504 2291 637 2356 arbitrio
661 2309 699 2354 ea
721 2289 885 2371 petebant,
917 2308 999 2372 quae
1021 2308 1042 2353 a
1063 2289 1193 2355 deorum
1217 2292 1265 2356 iu-

227 2403 318 2467 stitia
339 2403 405 2483 peti
428 2421 490 2468 non
512 2399 698 2484 poterant).
745 2401 824 2466 Cum
847 2401 957 2467 eadem
980 2406 1087 2466 aetate
1109 2404 1267 2483 convenit,

227 2514 311 2594 quod
334 2532 386 2580 res
409 2533 429 2578 a
450 2514 594 2578 Fortuna
623 2513 750 2578 oblatae
780 2531 850 2577 cum
881 2513 1022 2594 pecumm
1046 2520 1269 2597 comparantur

227 2626 390 2708 depositis,
406 2644 468 2691 non
484 2625 566 2691 dono
581 2625 676 2705 datis,
691 2625 807 2707 quique
820 2625 1018 2690 immemores
1033 2625 1268 2693 inconstantiae

228 2739 389 2804 Fortunae
413 2742 446 2802 et
467 2735 651 2816 fragilitatis
680 2754 786 2802 rerum
814 2735 945 2801 moleste
976 2735 1097 2817 ierunt,
1132 2739 1159 2803 si
1191 2739 1268 2819 quid

228 2851 275 2915 eis
298 2853 442 2931 ereptum
473 2853 536 2926 est,
569 2866 642 2912 cum
665 2847 855 2927 argentariis
887 2865 938 2927 ea,
970 2865 1053 2928 quae
1080 2849 1119 2914 iis
1148 2849 1269 2914 credita

230 2966 315 3040 sunt,
333 2960 468 3026 reddere
483 2959 690 3040 gravantibus
706 2958 798 3038 (Tab.
815 2963 889 3033 31,3
901 2957 974 3042 sq.).
1013 2957 1065 3024 Sic
1087 2959 1167 3026 Bion
1182 2962 1268 3043 apud

233 3072 405 3138 Siobacum
428 3069 509 3151 (flor.
533 3075 605 3152 105,
622 3069 690 3149 56):
731 3062 779 3134 Τᾶ
801 3069 952 3153 χρήματα
973 3081 1043 3146 τοῖς
1052 3073 1226 3148 πλουσίοις
1246 3064 1266 3155 ἡ

230 3179 311 3268 τύχη
336 3176 377 3249 οὐ
409 3177 616 3266 δεδώρηται,
643 3173 726 3246 ἀλλὰ
750 3176 951 3248 δεδάνεικεν.
997 3181 1116 3249 Seneca
1139 3201 1187 3265 cp.
1211 3189 1267 3250 87:

230 3296 292 3361 nisi
314 3296 397 3362 forte
418 3295 539 3361 iudices
562 3295 715 3359 interesse
741 3300 847 3359 utrum
870 3294 986 3375 aliquis
1014 3296 1055 3359 ab
1078 3295 1204 3362 homine
1226 3316 1268 3361 au

230 3409 405 3474 aFortuna
416 3414 560 3473 mutuum
570 3405 749 3488 sumpserit.
781 3406 946 3487 Epictetus
963 3412 1119 3474 monetae
1129 3407 1269 3474 dicamus

234 3519 376 3600 ,amisi“,
388 3519 445 3586 sed
460 3517 619 3599 ,reddidi“
635 3517 915 3600 (diss.11124‚88;
932 3518 1049 3584 enchir.
1065 3523 1125 3596 11).
1149 3519 1268 3586 Eodem

230 3632 368 3712 pertinet
390 3631 527 3697 Senecae
556 3631 642 3696 locus
664 3629 704 3696 de
719 3631 775 3695 vit
791 3633 876 3696 beat.
901 3635 956 3696 21:
991 3631 1121 3696 diuitias
1143 3631 1269 3713 quidem

231 3743 285 3808 ubi
306 3742 406 3810 tutius
427 3743 570 3809 Fortuna
584 3742 729 3823 deponet,
752 3759 847 3822 quam
870 3741 925 3821 ibi,
947 3741 1030 3806 unde
1049 3741 1119 3806 sine
1140 3741 1269 3821 querela

230 3855 393 3922 reddentis
407 3860 575 3936 receptura
597 3853 668 3918 est?
703 3853 842 3918 Lucieno
857 3854 965 3919 nescio
988 3863 1030 3916 an
1054 3851 1106 3917 ille
1129 3851 1270 3918 Tabcdae

318 4007 340 4074 ι)
358 4008 394 4062 cf.
413 4009 543 4076 Schmidt,
570 4007 597 4062 d.
619 4007 704 4062 Fthilr
726 4006 751 4064 d.
774 4006 846 4062 alten
871 4004 1005 4061 Grieohen
1025 4005 1037 4058 Ι
1056 4021 1082 4074 p.
1101 4005 1135 4058 56
1152 4019 1193 4072 sq.
1228 4004 1269 4060 De

231 4094 320 4148 eadem
340 4109 369 4146 re
388 4111 411 4148 r.
429 4094 499 4147 inira
518 4111 542 4162 p.
562 4097 603 4150 94.
