3132 4874
633 341 848 400 ..37-

222 507 371 572 Schaberi
385 526 472 589 spem
485 509 565 574 lucis
580 509 712 575 alicuius
724 527 762 574 ex
774 510 842 588 hec,
855 527 949 590 quam
964 509 1089 588 statuit,
1102 509 1228 577 Cebetis
1241 531 1260 576 a

222 619 350 686 Socrate
381 621 591 701 dissensione,
628 641 696 686 cum
728 621 842 688 Stoicis
874 623 1079 687 consensione
1108 622 1148 686 ad
1178 623 1260 688 hanc

220 736 440 814 quaestionem
463 738 653 798 maneturae
675 734 716 798 ad
739 735 866 798 irritum
890 734 990 815 redigi
1012 733 1259 816 terrarumque)

220 847 455 911 concedendurn
480 865 550 912 esse
566 847 687 929 pariter
703 867 740 912 ec
755 848 917 913 Socratem
941 852 1100 913 auctorem
1117 833 1259 912 Tabulae

220 959 370 1025 virtutem
403 978 520 1040 ponere
557 959 589 1024 111
622 957 791 1039 scientia2).
842 958 925 1036 Quid
954 959 1037 1038 quod
1066 959 1098 1023 in
1131 977 1259 1024 enume-

220 1073 340 1136 ratione
352 1072 504 1136 virtutum
517 1076 590 1151 20,3
610 1066 769 1154 ἐπιστήμη
785 1071 886 1153 primo
899 1071 967 1137 loco
978 1076 1257 1150 commemoratur;

218 1184 302 1266 quod
324 1185 494 1265 praecipua
517 1202 586 1248 eam
610 1182 765 1263 dignitate
788 1203 858 1249 esse
882 1188 952 1261 20‚1
975 1183 1025 1247 his
1040 1183 1144 1248 verbis
1160 1183 1257 1263 signi·

218 1293 346 1360 ficatur:
369 1288 454 1376 πρὲς
474 1289 536 1377 τήν
556 1289 738 1377 ἐπιστήμην
760 1292 814 1358 καὶ
833 1288 917 1375 πρὸς
936 1287 994 1370 τὰς
1009 1288 1109 1370 ἄλλος
1124 1287 1256 1375 ἄρετᾶςς

217 1407 299 1488 quod
328 1412 398 1472 tota
425 1407 585 1473 hominum
612 1407 740 1470 miseria
769 1407 811 1470 ab
842 1423 949 1471 errore
979 1405 1149 1486 repetitur,
1183 1423 1255 1486 quo,

217 1527 384 1602 postquam
413 1520 547 1584 Fraudis
577 1537 731 1584 venenum
763 1518 925 1597 biberunt,
956 1524 1030 1584 suut
1058 1517 1148 1585 offusi
1171 1520 1254 1600 (5‚3;

219 1637 269 1712 14,
283 1639 316 1712 3;
342 1639 425 1712 19,4
448 1637 509 1714 sq.)

200 1749 207 1764 ·
305 1747 351 1810 lle
367 1747 518 1812 scientiae
538 1746 636 1827 igitur
652 1745 873 1811 aestimatione
889 1763 908 1809 o
925 1743 1053 1810 Socrate
1069 1743 1168 1809 Cebes
1191 1763 1253 1809 non

216 1857 376 1924 dissentit.
434 1860 470 1923 ld
505 1865 610 1923 autem
643 1857 766 1924 Stoicae
800 1857 985 1939 disciplinae
1019 1857 1095 1920 mihi
1128 1857 1255 1922 videtur

216 1971 363 2034 indicium
380 1989 458 2050 esse,
481 1971 564 2052 quod
585 1970 812 2035 beatitudiuem
829 1971 966 2052 pendere
981 1970 1050 2035 vult
1065 1989 1103 2035 ex
1119 1971 1253 2034 scientia

217 2083 414 2148 bonorumet
431 2083 595 2148 melorum.
621 2082 756 2147 Tantum
772 2082 855 2146 enim
871 2083 1024 2147 momenti
1037 2083 1067 2146 ei
1079 2081 1252 2160 doctrinae,

214 2214 297 2276 quae
320 2203 371 2260 est
392 2196 431 2260 de
453 2195 545 2261 bonis
568 2201 601 2261 et
624 2196 727 2275 malis,
750 2196 873 2261 Stoicos
896 2195 1045 2261 tribuisse
1068 2214 1139 2260 cum
1161 2194 1252 2260 multi

213 2315 311 2374 testes
335 2316 437 2388 sunt,·
454 2309 507 2388 qni
531 2309 570 2372 de
594 2307 708 2374 Stoicis
740 2310 909 2375 memoriae
931 2308 1153 2390 prodiderunt,
1182 2313 1251 2372 tum

214 2420 415 2500 Plutarchus,
440 2422 527 2485 cuius
551 2422 584 2484 in
606 2421 687 2487 libro
706 2422 760 2503 qui
785 2423 824 2486 de
840 2420 1015 2486 Stoicorum
1033 2421 1252 2501 repugnantiis

214 2533 397 2598 inscribitur
415 2539 444 2611 9,
459 2539 488 2611 4,
503 2538 565 2612 5,6
582 2533 659 2597 haec
682 2533 829 2613 legimns:
852 2526 913 2598 τὸν
935 2531 1010 2615 περὶ
1032 2525 1173 2616 ἀγαθῶν
1196 2530 1252 2596 καὶ

213 2649 325 2710 κακῶν
355 2641 474 2727 λόγον,
504 2639 544 2710 ὃν
567 2639 667 2721 αὐτὸς
690 2641 813 2730 εἰσάγει
836 2645 891 2712 καὶ
919 2641 1086 2730 δοκιμάζει
1113 2664 1250 2729 συμφω-

215 2751 356 2822 νότατον
379 2753 468 2822 εἷναί
488 2775 571 2842 φησι
594 2761 639 2845 τῷ
663 2762 725 2845 βίῳ
753 2757 807 2823 καὶ
830 2755 971 2842 μάλιστα
998 2762 1065 2824 τῶν
1094 2753 1250 2842 ἐμφύτων

213 2866 378 2935 ἅπτεσθαι
412 2866 621 2952 προλήψεων.
672 2869 774 2934 Ταυτὶ
801 2865 866 2952 μὰρ
901 2871 937 2935 ἐν
969 2874 1015 2958 τῷ
1050 2874 1149 2958 τρίτῳ
1182 2853 1250 2934 τῶν

212 2985 472 3064 Προτρεπτικῶν
496 2989 636 3064 εἴρηκεν.
684 2977 740 3048 Ἐν
764 2981 800 3047 δὲ
826 2986 872 3071 τῷ
895 2979 1016 3071 πρώτῳ
1043 2986 1166 3047 τοῦτον
1189 2979 1249 3048 τόν

212 3089 315 3176 λόγον
343 3092 449 3177 φησὶν
479 3083 544 3159 ἀπὸ
583 3098 651 3159 τῶν
680 3089 791 3160 ἄλλων
821 3088 978 3160 ἁπάντων
1010 3089 1166 3179 ἀφέλκειν
1189 3087 1249 3159 τὸν

215 3200 400 3287 ἄνθρωπον
412 3198 457 3282 ὣς
473 3199 575 3272 οὐδὲν
587 3201 696 3272 ὄντων
707 3201 791 3289 πρὸς
804 3199 890 3291 ἡμᾶς
901 3200 981 3273 οὐδὲ
994 3203 1249 3289 συνεργούντων

211 3309 296 3398 πρὸς
318 3311 538 3399 εὐδαιμονίαν
555 3313 666 3384 οὐδέν.
705 3321 854 3385 Eiusdem
872 3321 919 3384 rei
934 3321 1026 3386 testis
1050 3329 1098 3386 est
1121 3319 1249 3398 Seneca,

210 3431 262 3495 oui
280 3450 328 3496 err.
353 3436 407 3507 89,
433 3437 482 3510 14,
498 3431 552 3496 ubi
566 3439 673 3512 partes
697 3432 914 3514 philosophiae
931 3433 1058 3499 moralis
1075 3439 1248 3512 enumerat,

299 3601 321 3656 ι1
340 3601 453 3652 Jerram.
472 3600 554 3666 prael.
572 3600 689 3655 XXXIV
700 3603 725 3654 4.

298 3683 323 3752 ²)
342 3686 491 3740 Drosihuus
509 3702 536 3754 p.
558 3689 589 3738 12
612 3686 669 3754 ipse
695 3703 802 3756 quoque
820 3689 946 3758 Cynicum
968 3691 1010 3744 vel
1029 3691 1148 3744 Stoicum
1166 3691 1248 3744 fuisse

210 3771 264 3824 uult
283 3771 404 3825 Tabulas
421 3779 573 3834 auctorem.
591 3774 625 3826 ad
644 3790 675 3828 ea
693 3790 854 3842 provocans,
878 3791 946 3844 qnae
966 3777 1041 3842 Diog.
1066 3777 1154 3831 Laert.
1174 3777 1212 3828 Vl
1233 3781 1245 3829 1

209 3863 235 3910 et
256 3861 284 3910 ll
305 3857 337 3910 de
357 3859 517 3912 Antisthene
536 3860 658 3926 prodidit
695 3861 744 3915 Sed
765 3862 948 3916 Antisthenen
972 3863 1070 3916 scimus
1089 3877 1141 3915 nou
1159 3865 1248 3918 miuus

208 3957 287 4010 quem
313 3943 447 3998 Socratem
474 3945 607 3998 consuisse
632 3945 758 4000 virtutem
783 3947 924 4016 disciplina
948 3948 1017 4000 tradi
1037 3956 1065 4002 et
1086 3950 1112 4002 in
1137 3950 1247 4004 scientia

208 4026 321 4094 positam
345 4043 402 4082 esse
422 4031 511 4094 tDiog.
531 4029 569 4082 VI
590 4035 653 4096 1053
683 4031 716 4086 cl.
736 4032 851 4100 Adelph.
876 4033 997 4089 Mueller.
1024 4035 1055 4088 de
1081 4035 1247 4094 Antisthenis

208 4113 299 4184 Cynici
316 4115 372 4172 vtro
389 4123 417 4169 et
435 4115 551 4184 scriptis,
569 4117 709 4184 hlarburgi
729 4121 805 4188 1860,
822 4135 849 4188 p.
868 4122 921 4186 42).
