3124 4870
628 338 862 398 —109-

228 527 307 590 esse,
330 509 458 575 obvenit
480 507 583 572 forma
606 501 813 590 συνήκαμεν,
836 525 917 590 quae
939 523 1128 588 quamquam
1152 506 1192 571 ab
1209 505 1266 571 At-

227 622 299 688 ticis
322 621 425 685 aliena
448 639 509 686 non
534 624 611 697 crat,
635 624 742 683 tamen
766 637 805 682 ex
828 636 940 698 prosae
957 619 1110 683 orationis
1134 620 1266 699 scripto·

228 734 315 799 ribus
338 751 356 795 a
379 731 588 813 Xenophonte
611 737 644 795 et
665 729 876 795 Demosthene
905 730 979 795 solis
1002 730 1144 811 saepius,
1175 747 1265 793 ace·

228 847 306 910 teris
328 843 490 909 rarissime
513 843 733 908 adhibebatur.
741 841 768 924 ¹)

315 956 373 1020 His
396 973 513 1036 paucos
529 955 643 1020 addam
659 955 754 1032 locos,
777 955 891 1036 quibus
911 955 941 1018 in
959 954 1117 1019 codicibus
1133 952 1266 1033 siugulis

228 1059 278 1134 ¹vel
301 1069 446 1133 omnibus
461 1073 588 1133 exstant
610 1068 795 1148 scripturae,
818 1085 911 1148 quac,
935 1067 961 1130 si
977 1071 1082 1130 rectae
1106 1071 1266 1146 putantur,
1348 1141 1350 1146 Ι

230 1181 505 1247 vehementissime
533 1186 660 1244 mouent
682 1179 866 1244 recentioris
894 1179 1025 1257 originis
1047 1177 1188 1242 Tabulae
1216 1195 1268 1241 su-

230 1294 413 1374 spicionem,
434 1294 487 1356 ubi
502 1309 577 1357 vero
588 1291 835 1356 emendationem
853 1290 1064 1355 adhibendam
1086 1307 1153 1353 esse
1175 1287 1268 1353 lacile

231 1405 443 1484 intellegitur3
475 1422 557 1468 unus
588 1409 756 1485 praeterea
786 1402 908 1467 accedit
940 1404 1036 1480 locus,
1069 1420 1131 1482 quo
1162 1409 1267 1465 utrum

231 1515 439 1596 corruptelam
455 1517 556 1582 latere
571 1534 611 1578 an
627 1534 675 1594 ea,
691 1533 772 1596 quae
788 1515 821 1578 in
837 1514 926 1579 libris
936 1520 1072 1594 exstant,
1088 1512 1269 1593 recipienda

232 1629 264 1692 iu
284 1629 472 1709 iudiciisque
492 1628 676 1692 recentioris
696 1627 812 1691 aetatis
828 1626 1023 1691 numeranda
1041 1644 1110 1690 esse
1124 1643 1268 1690 censeam

233 1758 403 1819 suspensus
425 1740 551 1804 haereo.

320 1857 382 1930 3,3
406 1851 473 1916 cod.
497 1852 525 1915 Α
547 1852 679 1932 praebet
701 1849 850 1932 συνιεῑῑ).
896 1850 1209 1929 Schweighaeuserus
1232 1868 1271 1913 err

236 1966 417 2029 coniectura
433 1964 559 2044 scripsit
580 1964 689 2046 συνιῇ.
728 1963 773 2028 Ut
792 1965 936 2028 omittam
959 1980 1115 2044 quaerere
1136 1963 1175 2025 de
1190 1961 1271 2024 indi-

234 2077 328 2141 cativi
351 2076 453 2140 lorma
475 2071 626 2156 evocati),
649 2081 817 2157 propterea
832 2075 891 2139 hoc
905 2076 973 2140 loco
995 2093 1058 2138 non
1080 2075 1181 2138 ausim
1198 2091 1271 2137 auc-

235 2191 296 2255 tori
319 2190 475 2270 imputare
494 2186 658 2252 indicativi
673 2192 746 2268 post
768 2181 827 2251 ἐάν
851 2205 952 2266 usum,
975 2188 1057 2267 quod
1073 2187 1167 2268 paulo
1190 2183 1272 2249 inira

236 2300 285 2382 (4)
308 2301 452 2382 sequitur
480 2290 540 2364 ἐὰν
568 2297 608 2363 δέ
631 2324 680 2376 τις
702 2302 782 2387 γνῷ.
833 2301 947 2379 ltaque
974 2299 1047 2364 huic
1073 2299 1141 2364 loco
1168 2315 1272 2361 emen-

236 2413 395 2478 dationem
424 2411 574 2476 adhibere
604 2431 642 2477 eo
670 2414 772 2478 minus
799 2431 925 2489 vereor,
954 2412 1037 2492 quod
1065 2411 1148 2492 apud
1172 2409 1272 2473 bluel-

237 2523 338 2590 lerum
360 2523 399 2588 dc
422 2522 515 2588 huius
538 2521 599 2588 loci
617 2526 774 2605 scriptura
797 2524 875 2588 nibil
898 2524 1024 2588 invenio
1046 2523 1188 2601 allatum,
1211 2521 1274 2586 col·

237 2635 314 2700 latio
330 2641 436 2700 autem
449 2655 467 2699 a
480 2634 776 2715 Schweighaeusero
791 2636 911 2701 usitata
927 2643 1000 2698 num
1016 2651 1272 2716 usquequaquam

237 2745 297 2811 fide
319 2747 416 2827 digna
438 2747 490 2825 sit,
513 2749 633 2812 dubito.
671 2748 801 2813 Accedit
822 2748 905 2830 quod
928 2747 1105 2812 emendatio
1127 2765 1161 2810 se
1183 2743 1276 2810 offert

239 2859 401 2926 facillima.
436 2859 565 2924 Etenim
581 2860 608 2924 si
623 2860 727 2923 miuus
746 2865 892 2925 accurate
915 2859 947 2923 iu
963 2877 999 2924 eo
1021 2859 1138 2938 codice,
1160 2876 1198 2922 ex
1213 2874 1274 2937 quo

238 2969 329 3038 fluxit
341 2970 384 3049 A,
403 2989 461 3052 pro
479 2967 676 3068 ΟΥΝΗΙ
692 2970 843 3052 scriptum
863 2976 933 3036 erat
955 2967 1160 3062 ΟΥΝΙΗ
1186 2974 1274 3052 patet

240 3083 450 3165 corruptelam
467 3081 552 3147 haud
568 3081 695 3148 difficile
710 3084 787 3149 oriri
802 3085 951 3164 potuisse.
986 3082 1114 3164 Optime
1129 3082 1227 3162 igitur
1243 3086 1275 3145 et

330 3302 352 3371 Ι)
371 3304 410 3359 Cf.
428 3304 566 3358 Knehneri
584 3321 694 3370 gramm.
712 3305 805 3360 Graec.
825 3307 838 3358 I
855 3323 883 3376 p.
902 3309 961 3372 646,
979 3307 1038 3359 660.
1076 3303 1156 3373 Apud
1180 3303 1276 3356 Demo·

241 3390 362 3444 sthenern
394 3390 536 3444 sescenties
557 3390 608 3444 hae
632 3389 733 3443 formae
757 3391 910 3450 obveniunt.
959 3390 983 3442 Ε
1008 3389 1146 3458 prioribus
1170 3395 1276 3456 praeter

241 3477 445 3545 Xenophontem
471 3476 631 3545 paucissima
661 3477 783 3544 exempla
806 3477 958 3533 afferuntur
988 3493 1021 3530 ει
1050 3476 1222 3544 Antiphontis
1249 3483 1276 3528 et

241 3561 311 3616 lsaei
329 3562 506 3619 orationibus.

329 3647 351 3714 ¹)
369 3651 415 3717 3‚2
439 3666 489 3718 pro
514 3649 605 3704 formis
630 3650 712 3718 συνίη
736 3657 763 3704 et
785 3643 823 3718 μὴ
847 3651 929 3716 συνίῃ
954 3655 980 3702 et
1003 3650 1029 3701 Δ
1053 3655 1080 3702 et
1104 3647 1130 3700 V
1148 3646 1277 3715 praebant

244 3733 333 3786 συνίει
349 3743 376 3788 et
393 3731 431 3804 μὴ
451 3737 550 3805 συνίει,
569 3737 683 3805 quaein
701 3744 801 3790 textum
821 3744 883 3791 snut
901 3735 1064 3803 recipienda.

331 3838 353 3904 ²)
372 3839 505 3896 Porsenna
524 3841 630 3910 quidem
650 3841 700 3896 has
717 3840 817 3895 formas
835 3839 905 3910 apud
918 3839 1071 3908 Euripidem
1083 3837 1209 3893 delendas
1220 3852 1277 3892 ease

244 3922 347 3976 censnit
364 3923 470 3993 (Eurip.
489 3927 535 3982 Or.
556 3927 625 3994 141).
662 3925 825 3980 Matthiaeus
852 3927 887 3979 ab
912 3925 1007 3980 Atticis
1032 3939 1077 3978 eas
1100 3923 1156 3976 vult
1177 3922 1277 3976 alienu

245 4021 303 4062 esse
321 4007 378 4074 (Gr.
402 4009 447 4064 Gr.
465 4015 564 4080 tobi).
606 4012 782 4066 Buttmannus
803 4018 896 4066 contra
914 4025 930 4062 a
950 4011 1070 4066 Porsono
1089 4025 1134 4064 aas
1153 4008 1277 4066 defendit.

246 4092 286 4148 Cf,
306 4093 442 4148 huebner,
461 4113 500 4164 qr.
518 4115 557 4164 gr.
576 4099 588 4150 1
607 4099 659 4152 644
677 4113 702 4150 n.
721 4101 744 4148 4.
