3132 4874
603 329 816 392 ..33....

278 499 350 566 Jam
374 499 412 566 de
435 501 473 565 iis
490 499 661 580 videamus,
685 500 739 582 qui
761 519 830 563 cum
849 498 988 564 Stoicam
1012 498 1188 565 doctrinam
1210 517 1227 563 e

192 613 314 679 Tabula
330 614 471 678 redolere
486 612 729 691 arbitrarentur,
745 610 906 676 Socratico
922 609 1031 676 (lebeti
1053 630 1123 675 eam
1139 611 1229 674 abro-

193 731 358 806 gaverunt.
404 725 501 789 Primi
528 723 610 788 banc
637 725 669 786 ln
700 724 890 788 sententiam
920 728 1133 804 exposuerunt
1155 723 1230 786 Hie·

193 854 344 920 ronymus
366 836 498 903 Wolfius
522 835 638 915 aliique
666 835 727 899 viri
753 835 837 899 docti
864 834 1020 914 nonnulli,
1048 852 1127 916 quos
1155 853 1231 898 enu-

195 957 296 1014 merat
311 949 486 1014 Feurlinus.
527 948 673 1013 Pluribus
695 947 807 1012 deinde
830 949 939 1012 eadem
963 947 1023 1013 sibi
1039 947 1137 1012 videri
1159 965 1230 1028 pro-

195 1061 298 1128 fessus
321 1067 370 1126 est
386 1061 572 1126 Meinersius
590 1061 714 1141 (comm.
731 1078 793 1125 soc.
812 1061 954 1140 Gotting.
975 1059 1085 1141 llam:
1101 1059 1231 1139 Zenoni,

197 1192 258 1238 non
282 1172 405 1238 Socrati
430 1175 598 1239 convenire
621 1173 769 1237 iudicium
794 1192 820 1237 c.
847 1180 887 1240 13
910 1172 949 1238 de
973 1173 1089 1253 poetis,
1118 1172 1233 1237 dialec-

197 1286 278 1364 ticis,
302 1286 416 1351 ceteris
439 1285 573 1364 factum3
601 1284 740 1350 Stoicum
768 1304 838 1350 esse
861 1285 1046 1350 vocabulum
1074 1285 1157 1365 quod
1185 1287 1234 1349 est

199 1391 294 1474 δόξαι
320 1416 378 1478 pro
400 1396 489 1462 salsis
511 1397 674 1477 quibusvis
695 1397 894 1478 opinionibus
915 1397 1100 1461 adhibitum.
1139 1395 1235 1459 Scha-

198 1508 293 1572 berus
309 1508 385 1572 item
400 1507 537 1572 Stoicam
554 1508 729 1572 doctrinam
745 1511 813 1574 rult
829 1511 984 1590 placuisse
1000 1508 1141 1572 Tabulae
1161 1524 1235 1570 auc-

200 1620 277 1697 tori,
306 1619 395 1683 cuius
418 1625 556 1684 aetatem
579 1621 815 1702 angustioribus
837 1620 953 1688 finibus
977 1620 1083 1685 studet
1105 1620 1236 1684 circum-

201 1732 348 1798 scribere.
398 1731 502 1811 Atque
531 1737 605 1796 antc
637 1732 774 1797 medium
801 1735 931 1798 tertium
959 1753 987 1798 a.
1013 1732 1086 1798 (ihr.
1111 1751 1142 1796 n.
1166 1749 1236 1796 sae-

201 1845 304 1908 culum
328 1843 481 1908 Tabulam
509 1843 683 1909 conlectam
711 1864 778 1910 esse
801 1865 839 1911 ex
867 1864 904 1911 eo
932 1845 1140 1925 colligendum
1167 1861 1238 1908 esse

201 1956 376 2040 existimat,
404 1955 486 2036 quod
518 1961 628 2020 auctor
654 1957 831 2023 emditione
857 1976 895 2023 ac
923 1957 1040 2022 litteris
1068 1975 1146 2037 opus
1175 1970 1255 2021 non·

201 2047 286 2134 esse'.¹¹
299 2067 509 2133 contenderit.
565 2068 655 2132 Hanc
689 2069 772 2144 enim
806 2070 997 2135 sententiam
1030 2067 1127 2133 iuisse
1157 2067 1240 2131 auti-

202 2181 347 2261 quiorum
379 2179 571 2256 Stoicorum3
604 2198 682 2260 quos
713 2198 819 2244 omnes
854 2181 885 2245 id
920 2183 1027 2263 potius
1055 2183 1174 2260 egisse,
1206 2184 1240 2243 ut

203 2294 423 2376 praeciperent
445 2291 484 2355 de
506 2291 572 2355 vita
595 2298 681 2355 recte
703 2292 908 2372 instituenda,
931 2310 1026 2372 quam
1050 2299 1085 2356 ut
1107 2297 1241 2356 naturae

205 2405 402 2485 rationisque
443 2404 600 2468 humanae
639 2403 724 2484 leges
761 2405 973 2487 exquirerent.
1031 2403 1207 2469 Drosibnus
1217 2402 1241 2483 ¹)

206 2526 318 2584 contra
345 2517 384 2582 ob
408 2516 541 2581 eandem
569 2533 653 2594 rem,
683 2516 766 2596 quod
793 2517 874 2581 bene
897 2515 1020 2580 vivendi
1044 2516 1242 2597 disciplinam

207 2629 257 2693 bic
285 2629 366 2694 liber
396 2628 495 2692 tradit
526 2632 621 2706 atque
652 2626 684 2690 id
716 2629 953 2693 accommodate
983 2625 1023 2691 ad
1046 2645 1242 2691 communem

207 2740 470 2820 intellegentiam,
502 2739 531 2802 ei
561 2739 696 2820 tempori
724 2757 793 2803 eum
817 2739 976 2820 assignat,
1006 2757 1068 2820 quo
1093 2738 1243 2818 ,Graecis

208 2851 322 2931 verbis,
338 2851 489 2940 Romanis
506 2850 663 2915 moribus‘⁴
690 2859 878 2916 consuerant
892 2850 1108 2933 philosophari
1126 2884 1164 2894 -
1180 2849 1245 2929 pri-

209 3127 286 3181 iacile
303 3126 351 3181 tibi
370 3127 550 3196 persuadebis,
568 3127 591 3182 si
604 3128 802 3196 comparaveris
815 3128 882 3182 Tab.
901 3131 951 3197 2,2
971 3145 1021 3196 sq:
1042 3121 1247 3195 Πυθαγόρειόν

209 3232 274 3266 τινα
292 3212 340 3266 καὶ
353 3215 563 3282 Παρμενίδειον
576 3209 721 3282 ἐζηλωκὼς
734 3217 858 3286 βίον...
877 3214 934 3268 Καὶ
954 3210 1107 3284 όθαόμαοοὶ
1126 3233 1167 3283 γε,
1181 3211 1247 3284 ἔφη,

213 3290 304 3352 αότόν
321 3295 511 3366 πολυχρόνιον
529 3301 582 3366 (sic
600 3301 669 3353 eninr
688 3301 857 3354 scribendum
870 3316 928 3356 esse
946 3302 1069 3356 existimo
1088 3317 1147 3354 cum
1166 3301 1249 3368 Saup

211 3385 272 3454 peio
291 3385 309 3436 l.
328 3384 347 3438 l.
365 3401 392 3451 p.
411 3388 462 3440 772
480 3393 507 3438 et
520 3386 650 3439 Muellero
670 3385 686 3438 1.
706 3385 723 3441 l.
742 3403 768 3454 p.
780 3389 824 3454 61)
843 3381 981 3454 νεαίτερος
999 3379 1039 3439 όν
1056 3405 1115 3440 cum
1129 3386 1249 3441 Platonis

210 3485 267 3540 rep.
293 3472 392 3526 boob:
419 3471 468 3524 καὶ
495 3469 527 3524 οἷ
550 3463 664 3539 ὕστεροι
689 3467 730 3524 ἔτι
757 3471 806 3525 καὶ
832 3473 886 3526 νῦν
913 3467 1117 3540 Πυθαγόρειον
1143 3468 1250 3540 τρόπον

213 3551 439 3626 ἐπονομάζοντες
450 3558 501 3610 τοῦ
513 3558 578 3626 βίον
591 3557 744 3625 διαφανεῖς
756 3577 795 3626 πῃ
808 3559 943 3611 δοκοῦσιν
954 3555 1028 3611 εἷναι
1038 3553 1069 3611 ἐν
1078 3564 1138 3620 τοῖς
1147 3551 1251 3624 ἄλλοις,

213 3643 323 3698 Thesei.
352 3645 436 3697 lssc:
474 3643 658 3711 Παρμενίδης
685 3640 718 3696 de'
744 3661 794 3712 μοι
824 3645 959 3711 φαίνεται
984 3637 1015 3696 τό
1043 3645 1095 3697 τοῦ
1119 3636 1251 3712 Ὀμήρου,

213 3722 324 3789 αἰδοῖός
350 3726 381 3781 τέ
405 3747 454 3795 μοι
472 3718 532 3796 ἅμα
559 3723 654 3790 δεινός
678 3745 728 3782 τε·
747 3726 956 3798 τυμπροοέμιξα
975 3721 1028 3796 γὰρ
1053 3722 1088 3796 δὴ
1106 3729 1144 3799 τῷ
1170 3720 1252 3794 όνδρὶ

213 3807 291 3867 πάνυ
311 3813 376 3877 νέος
395 3809 472 3868 πάνυ
491 3810 648 3886 πρεσβύτῃ.
667 3815 748 3884 Soph.
766 3819 854 3870 217c:
885 3816 1102 3884 Παρμενίδῃ...
1119 3810 1254 3881 διεξιόντι

214 3895 316 3967 λόγους
328 3895 492 3970 παγκάλους
504 3895 703 3970 παρεγενόμην
717 3895 771 3969 ἐγῶ
784 3898 850 3962 νόος
863 3893 911 3966 όν,
925 3895 1038 3952 ἐκείνου
1051 3893 1126 3968 μάλα
1140 3895 1175 3970 δὴ
1189 3895 1253 3954 τότε

215 3979 300 4048 ὄντος
317 3981 492 4058 πρετβότου;
510 3989 555 4043 vix
574 3987 646 4042 dices
665 4003 728 4042 casn
747 3989 819 4041 hunc
836 4003 992 4042 consensum
1011 3985 1134 4040 ellectum
1154 4001 1220 4042 ease.

304 4105 329 4176 ¹)
348 4107 399 4160 bie
417 4109 477 4164 Zcit
495 4107 539 4162 des
558 4109 650 4174 Πίναξ
669 4103 797 4178 Κέβητος
815 4124 841 4178 p.
862 4111 902 4162 12.

1020 4205 1038 4262 3
