3124 4870
714 325 928 388 „30-

392 496 484 561 Hanc
513 496 550 561 de
578 495 834 577 pbilosophorum
865 496 1030 560 sententiis
1059 495 1092 558 in
1121 495 1240 559 Tabula
1269 514 1342 576 pro‘

306 608 379 672 latis
402 607 697 673 commentationem
720 627 782 673 uon
798 609 1035 686 absolverimus,
1059 607 1119 671 nisi
1135 625 1216 688 quae
1238 613 1343 688 partes

306 721 428 784 numini
444 721 500 800 illi,
522 720 605 801 quod
629 721 759 802 δαίμων
780 723 823 800 (4,
833 720 865 800 3)
881 719 929 785 vel
946 715 1123 803 desponsos
1134 720 1199 800 (30,
1210 727 1222 784 l
1233 741 1241 800 3
1254 726 1343 800 31,3,

307 839 341 912 53
359 837 451 914 32‚5;
469 833 561 915 33,2)
577 840 716 913 vocatur,
733 832 871 898 tributae
886 833 959 912 siut,
974 833 1081 913 paucis
1099 832 1341 913 exposuerimus.

306 945 410 1026 Atque
436 947 494 1011 boc
524 946 647 1026 quidem
678 947 877 1026 perspicuum
907 952 970 1025 est,
1002 946 1034 1008 in
1064 945 1184 1009 Tabula
1212 963 1274 1008 non
1306 945 1344 1008 de

306 1058 399 1138 genio
422 1059 483 1137 agi,
508 1058 561 1137 qui
577 1059 667 1138 quasi
682 1062 835 1137 patronus
858 1058 979 1123 homini
998 1057 1124 1122 additus
1139 1075 1196 1138 per
1218 1075 1344 1121 ornnem

308 1171 405 1234 vitam
428 1189 499 1234 eum
514 1171 724 1252 prosequitur.
763 1169 844 1236 Suus
859 1171 943 1236 euim
967 1172 1079 1253 cuique
1103 1170 1273 1251 singularis
1296 1173 1346 1234 est

308 1282 434 1363 genius,
466 1281 526 1345 boc
549 1301 644 1346 unum
668 1287 716 1347 est
745 1301 876 1364 numen,
906 1282 993 1347 cuius
1016 1286 1183 1362 praecepta
1206 1281 1247 1345 ad
1273 1282 1345 1346 uni·

307 1412 413 1461 versos
436 1394 578 1460 homines
601 1396 770 1474 pertinent.
824 1395 920 1459 Recte
949 1395 1012 1459 iam
1043 1394 1218 1460 Drosihnus
1226 1394 1251 1477 ¹)
1280 1414 1346 1459 mo-

309 1508 379 1572 nuit
402 1502 581 1587 1αιμόνιον
604 1509 636 1572 in
660 1507 780 1571 Tabula
804 1524 873 1571 esse
896 1508 996 1587 legam
1020 1507 1105 1572 illam
1129 1507 1266 1572 divinam
1289 1524 1344 1587 pe-

308 1621 394 1685 nitus
421 1621 452 1684 in
482 1619 597 1684 animis
619 1620 764 1684 humanis
792 1621 975 1700 impressam
999 1619 1114 1700 (‚,Gott
1140 1619 1182 1683 im
1206 1616 1346 1698 Busen“)

308 1733 563 1814 mentionemque
596 1732 671 1798 iecit
709 1751 816 1796 eorum
851 1734 1008 1813 locorum,
1048 1732 1102 1812 qui
1135 1739 1210 1796 sunt
1241 1731 1345 1812 Epict.

308 1844 382 1909 diss.
406 1847 423 1909 Ι
448 1850 497 1924 14,
520 1844 594 1909 ibid.
622 1849 674 1924 123
699 1845 732 1910 II
757 1850 806 1924 16,
831 1849 888 1921 28;
912 1844 1061 1908 Antonin.
1086 1844 1135 1909 ΙΙΙ
1158 1849 1193 1924 6,
1221 1847 1269 1923 12,
1296 1846 1345 1906 14.

308 1957 376 2023 Η11
402 1957 519 2022 addere
549 1957 699 2038 debebat,
731 1975 800 2022 cam
830 1954 1090 2036 significationem
1118 1958 1202 2037 apud
1224 1955 1346 2021 Stoicos

308 2070 507 2150 potissimum
535 2070 608 2134 huic
629 2071 781 2135 vocabulo
810 2070 948 2136 subesse.
994 2068 1091 2134 Stoici
1114 2070 1197 2133 enim
1222 2087 1291 2133 oum
1315 2068 1346 2133 id

308 2189 454 2263 agerent,
485 2189 521 2246 ut
549 2184 581 2249 in
604 2183 699 2248 rebus
726 2182 766 2247 ad
787 2182 971 2262 religionem
999 2181 1231 2262 pertinentibus
1254 2199 1345 2261 quam

309 2295 450 2374 proxime
470 2295 510 2358 ad
533 2313 712 2362 communes
728 2294 918 2359 Graecorum
943 2294 1086 2361 notiones
1109 2291 1293 2358 accederent
1315 2301 1347 2357 et

310 2424 347 2471 ex
369 2407 424 2486 iio,
448 2426 527 2487 quae
550 2408 588 2473 de
611 2407 660 2470 bis
683 2408 778 2472 rebus
801 2425 857 2487 per
880 2407 1005 2470 saecula
1027 2406 1145 2470 tradita
1173 2409 1205 2469 et
1228 2407 1348 2470 credita

310 2526 411 2601 eraut,
435 2520 677 2600 quamplurima
700 2524 933 2600 conservarent,
958 2538 998 2583 ne
1017 2536 1087 2583 eam
1109 2517 1243 2600 quidem,
1268 2534 1348 2599 quae

310 2630 349 2694 de
364 2630 570 2696 daemonibus
590 2637 667 2712 erat,
692 2632 888 2712 disciplinam
910 2632 1005 2713 plane
1020 2631 1194 2697 convellere
1210 2630 1348 2694 animum

310 2741 509 2822 induxerunt,
532 2743 588 2807 sed
610 2743 656 2806 ita
678 2744 896 2822 immutarunt,
919 2748 955 2807 ut
973 2744 1139 2808 daemones
1162 2761 1226 2807 uon
1243 2747 1349 2806 essent

311 2854 440 2918 numina
462 2855 545 2919 inter
567 2854 642 2920 deos
665 2861 697 2918 11
719 2855 859 2922 homines
882 2855 994 2936 media,
1019 2856 1073 2919 sed
1096 2854 1228 2919 daemon
1250 2853 1349 2919 bomi-

313 2968 363 3033 uis
379 2967 458 3032 nibil
474 2966 559 3032 aliud
581 2972 664 3033 esset
679 2985 773 3051 quam
795 2969 863 3050 ipse
878 2968 954 3033 deus
978 2973 1013 3032 ut
1034 2969 1068 3032 in
1087 2967 1232 3032 omuibus
1254 2965 1347 3030 rebus

311 3081 358 3145 sic
383 3081 416 3144 iu
439 3080 544 3147 animo
567 3080 702 3145 humano
729 3099 896 3162 apparens.
941 3083 1082 3164 Δαίμων
1110 3081 1209 3160 igitur
1233 3078 1348 3143 Stoicis

311 3197 360 3258 est
388 3193 472 3258 ratio
501 3193 652 3272 humana,
685 3211 765 3274 quae
800 3212 862 3257 non
894 3193 1020 3259 diversa
1053 3199 1101 3258 est
1130 3193 1171 3258 ab
1201 3189 1349 3256 universa

311 3413 437 3468 statuisse
455 3415 580 3470 virtutem
598 3418 683 3472 amitti
702 3433 788 3486 posse.
824 3417 875 3471 Sed
894 3423 994 3486 quanto
1018 3416 1101 3484 magis
1126 3415 1266 3471 conveniat
1290 3431 1349 3469 cum

312 3496 465 3553 Stoicorum
483 3499 661 3570 descriptione
672 3502 801 3571 sapientis
813 3501 925 3570 perfecti
938 3509 965 3556 et
976 3502 1106 3570 absoluti,
1118 3501 1189 3570 quod
1208 3501 1350 3556 Cleanthes

312 3585 400 3655 (Diog.
421 3587 473 3642 Vll
496 3589 555 3654 127)
581 3603 641 3642 oum
659 3588 764 3658 Cynicis
791 3587 957 3643 consentiens
980 3589 1107 3642 censebat
1131 3588 1257 3642 virtutem
1282 3586 1350 3654 eripi

312 3673 388 3727 nullo
405 3673 484 3728 modo
503 3689 594 3744 posse,
612 3690 666 3729 non
684 3691 752 3743 opus
777 3682 817 3728 est
835 3674 958 3743 pluribus
976 3675 1164 3729 demonstrare.
1201 3675 1240 3730 cf.
1259 3674 1349 3728 Senec.

312 3775 355 3829 ep.
374 3761 421 3814 50:
440 3761 521 3816 semel
539 3760 629 3816 traditi
654 3761 718 3814 boni
742 3767 873 3828 perpetua
897 3761 1029 3828 possessio
1047 3766 1094 3814 est
1130 3759 1191 3814 Non
1209 3760 1351 3815 dediscitur

312 3849 405 3903 virtus.
435 3849 539 3918 Didym.
558 3849 592 3907 fr.
611 3847 727 3902 111111
746 3850 790 3901 78:
808 3839 840 3899 τὸ
855 3843 908 3914 μὲν
925 3847 981 3899 τῶν
999 3846 1163 3898 σπουδαίων
1182 3841 1231 3898 διὰ
1244 3839 1350 3906 παντὸς

311 3935 363 3987 τοῦ
382 3935 447 4004 βίον
465 3936 668 4003 perpetiendis
687 3926 807 4003 ἅρεταῖς.

399 4017 825 4089 ι111111Ζ1111.11111111.
851 4037 877 4089 p.
898 4024 975 4088 llu.‚
999 4020 1045 4088 qui
1071 4027 1160 4075 tamen
1186 4037 1245 4077 cum
1271 4021 1351 4088 genio

312 4105 359 4161 illo
376 4114 492 4176 patrono
510 4109 576 4163 illud
593 4125 690 4163 numen
708 4106 857 4162 contundit.
