3132 4874
292 1292 379 1402 Cum
404 1335 531 1402 Cebetis
554 1355 635 1418 quae
657 1334 760 1401 fertur
780 1335 902 1399 Tabula
924 1339 1054 1416 propter
1076 1336 1242 1402 materiam

203 1452 243 1516 ad
267 1469 370 1515 mores
385 1449 596 1530 pertinentem
612 1448 826 1530 allegoriaque
841 1446 984 1512 adhibita
999 1446 1133 1512 facetius
1149 1465 1242 1528 quam

203 1563 273 1628 lieri
288 1564 370 1628 solet
385 1561 560 1644 expositam
584 1560 624 1624 ab
640 1560 819 1625 hominibus
834 1560 976 1624 Graecae
992 1559 1119 1640 linguae
1133 1560 1243 1640 peritis

204 1693 326 1740 summo
359 1673 463 1740 studio
495 1672 696 1738 lectitaretur
732 1663 1065 1755 typographorumque
1099 1670 1243 1736 officinas

205 1787 377 1853 identidem
400 1791 577 1866 exerceret,
601 1785 686 1850 haud
709 1787 755 1850 ita
777 1786 868 1852 multi
896 1785 1038 1866 fnemnt‚
1066 1787 1120 1866 qui
1142 1791 1243 1851 artem

205 1899 347 1964 criticam
370 1899 400 1964 ei
415 1897 602 1965 adhiberent
619 1916 729 1979 eaque,
752 1916 847 1980 quam
863 1917 901 1962 ex
916 1898 975 1963 boc
989 1897 1097 1963 libello
1110 1898 1245 1980 legendo

205 2010 374 2091 capiebant
397 2010 558 2092 voluptate
580 2029 642 2075 non
667 2011 903 2092 acquiescentes
931 2011 1085 2090 originem
1115 2012 1183 2076 eius
1211 2012 1243 2076 in

205 2124 423 2204 quaestionem
446 2128 606 2188 vocarent.
652 2125 755 2204 Atque
778 2124 898 2204 primus
920 2127 953 2186 et
975 2123 1059 2187 intra
1082 2123 1245 2204 complura
1300 2097 1314 2128 '⁴

206 2235 334 2300 saecula
356 2253 438 2299 unus
453 2235 666 2317 Hieronymus
682 2233 843 2314 Wolfius¹)
866 2253 901 2299 se
916 2235 1061 2299 dubitare
1082 2234 1244 2316 protessus

206 2351 264 2424 est,
290 2364 365 2409 num
388 2351 475 2412 recte
498 2345 659 2412 Socratico
682 2345 791 2412 (lebeti
814 2346 935 2413 Tabula
962 2348 1056 2430 vulgo
1085 2348 1244 2413 adscribe-

206 2465 304 2523 retur.
354 2457 454 2535 Quam
485 2460 694 2540 suspicionem
726 2459 847 2524 duabus
878 2461 973 2525 rebus
1005 2461 1112 2526 docuit
1143 2467 1245 2527 ortam

207 2589 286 2650 esse,
310 2572 446 2652 primurn
468 2572 552 2654 quod
575 2572 715 2638 Tabulae
737 2572 796 2638 loci
820 2572 962 2638 nonnulli
989 2592 1051 2638 non
1079 2573 1247 2638 convenire

208 2684 391 2749 riderentur
414 2702 482 2749 cum
507 2683 634 2751 Cebetis
657 2683 808 2750 Socratici
831 2689 948 2766 aetate,
972 2684 1084 2749 deinde
1105 2685 1190 2767 quod
1212 2684 1246 2748 in

207 2796 384 2862 Stoicorum
407 2799 584 2862 sententias
608 2804 775 2879 appareret
797 2805 957 2864 auctorem
980 2799 1141 2863 inclinare.
1186 2796 1246 2860 llis

208 2910 262 2974 diu
278 2928 360 2975 nova
371 2915 561 2992 argumenta
577 2930 639 2976 uon
653 2912 872 2990 santamente,
888 2929 1032 2993 quaeque
1043 2905 1246 2988 Feurlinus²)‚

208 3021 429 3105 Bruckerus⁸)‚
446 3023 673 3106 Meinersiud),
689 3023 1032 3107 Schweighaeuserusl)
1049 3058 1089 3070 -
1105 3029 1141 3087 ut
1156 3022 1247 3086 omit-

208 3141 274 3199 tam
297 3136 499 3218 Bcrkelium,
530 3138 583 3219 qui
608 3137 714 3202 Wolfii
746 3138 844 3203 rerba
873 3137 1074 3218 transcripsit
1106 3135 1247 3216 aliosque

209 3249 398 3330 complures,
426 3267 504 3330 quos
530 3251 699 3316 Feurlinus
726 3251 923 3316 enumerarit
948 3270 978 3332 p.
1004 3254 1107 3314 16-
1130 3250 1246 3331 partim

208 3358 396 3428 refutandae
425 3363 542 3444 partim
572 3364 823 3445 comprobandae
845 3364 931 3430 illius
953 3364 1131 3429 sententiae
1153 3379 1247 3428 causa

209 3469 461 3557 disputaverunt,
484 3477 516 3541 in
540 3477 579 3542 iis
599 3477 683 3542 ratio
705 3494 769 3541 non
792 3475 1003 3542 habeturnisi
1024 3475 1248 3556 chronologiae

210 3589 242 3650 ct
265 3605 383 3667 eorum,
406 3607 488 3670 quae
505 3589 563 3654 boc
577 3607 671 3670 opere
686 3589 897 3669 continentur,
921 3588 1139 3670 philosophiae
1157 3604 1248 3668 prae

297 3756 322 3826 ¹)
340 3758 368 3810 in
385 3757 503 3812 editione
521 3772 571 3812 sua
589 3757 652 3813 Bas.
672 3761 748 3816 1560.

297 3841 323 3912 ²)
342 3843 457 3898 Miscell.
477 3844 607 3912 Lipsiens.
625 3851 689 3899 tom.
707 3845 748 3898 Ill
767 3861 793 3914 p.
815 3845 925 3900 15-60.

298 3925 323 3994 ⁸}
341 3929 410 3985 nist.
429 3930 527 3998 philos.
545 3930 559 3984 I
577 3947 605 4000 p.
624 3932 675 3986 578
693 3947 733 3998 sq.

296 4011 323 4082 ⁴)
342 4013 513 4070 Commentnt
533 4016 625 4071 sociat.
643 4015 761 4084 Gotting.
783 4017 860 4069 1782.

299 4097 323 4168 ⁸)
341 4099 368 4154 in
386 4099 447 4158 edit
467 4116 516 4158 sua
534 4101 652 4170 Epicteti
669 4107 698 4155 et
716 4100 823 4156 debetis
841 4099 911 4154 Tab.
929 4100 1071 4166 Argentor.
1092 4100 1167 4152 1798.

1016 4193 1030 4252 1
