3124 4870
615 301 895 373 --111-Ι

211 483 343 531 revoco.
381 467 527 532 Eruditio
542 473 648 533 autem
661 473 750 532 111111
764 471 907 547 saeptum
920 464 1103 547 stat(19,l)
1119 473 1152 532 et
1164 469 1251 547 prius

212 580 254 642 ad
282 598 355 642 eam
378 579 527 644 accedere
550 598 627 659 opus
651 584 700 643 est
722 596 816 658 quam
841 579 881 642 ad
905 577 1050 641 'Virtutes
1074 580 1251 658 pervenias.

212 690 308 754 Unde
323 690 518 770 intellegitur
533 690 615 755 bunc
631 691 748 768 locum,
767 691 794 754 si
818 690 895 755 illud
915 685 1132 787 ,εἰσελθόντας
1153 693 1252 755 vertis

216 820 302 880 ,eos‚
326 803 380 883 qui
403 804 535 883 ingressi
560 805 652 867 sunt“
679 822 740 867 non
757 808 843 866 recte
866 820 899 866 se
923 802 1049 866 habere.
1097 804 1143 866 Ne
1166 802 1252 867 dicas

212 913 414 978 scribendum
431 933 499 979 esse
515 908 702 996 ἀγαγοῦσαι
725 907 880 995 reposcite
901 906 1032 994 Ἀρετὰς
1050 909 1130 989 τοὺς
1151 916 1253 978 εἰσελ-

213 1020 343 1098 θόντας
372 1018 454 1107 πρὸς
482 1018 544 1108 τὴν
575 1028 754 1106 Παιδείαν,
786 1027 819 1090 111
854 1026 977 1104 obstat,
1010 1027 1093 1108 quod
1122 1043 1184 1090 nou
1211 1026 1251 1089 ad

214 1137 301 1214 ipsas
325 1135 467 1201 Virtutes
497 1137 666 1218 Opiniooes
700 1139 855 1203 accedunt
885 1139 940 1201 sed
969 1137 1151 1204 Eruditioni
1188 1155 1252 1216 eos,

215 1265 296 1327 quos
319 1247 452 1328 ducunt,
476 1251 639 1315 tradentes
662 1247 824 1330 finguntur
849 1254 899 1326 29,
912 1255 940 1313 3.
987 1250 1033 1314 De
1060 1252 1123 1314 alia
1150 1268 1254 1314 ernen-

216 1358 345 1422 datione
367 1362 567 1442 cogitaveris,
591 1363 617 1427 si
641 1362 840 1426 inversione
864 1359 1001 1424 Arabica
1025 1361 1102 1426 haec
1125 1360 1252 1439 legeris:

216 1469 390 1548 Opiniones
420 1478 506 1551 sunt,
538 1475 652 1556 inquit,
684 1474 874 1538 deducentes
906 1470 946 1534 ad
970 1470 1192 1554 Disciplinam,
1222 1478 1255 1536 et

216 1581 433 1660 proclinarunt
451 1586 514 1648 iam
532 1587 637 1666 capita
653 1603 708 1649 sua
725 1583 889 1649 invitando
905 1601 968 1662 eos,
990 1587 1053 1664 qui
1069 1581 1255 1649 accedunt

217 1692 322 1772 ipsas
346 1694 525 1777 laetumque
541 1695 648 1761 lerunt
662 1698 815 1760 nuntium.
840 1731 881 1740 -
901 1694 1028 1760 Scilicet
1043 1695 1255 1776 suspicaberis

218 1803 421 1882 interpretem
444 1806 616 1871 Arabicum
639 1827 696 1887 pro
719 1807 784 1871 illis
806 1799 889 1888 πρὸς
910 1798 968 1881 τὰς
988 1798 1120 1888 Ἀρετὰς
1141 1807 1256 1886 legisse

218 1906 301 1995 πρὸς
323 1908 435 1991 αὑτὰς.
482 1918 542 1982 Sed
569 1938 609 1982 ne
632 1919 691 1983 boc
721 1919 846 2000 quidem
874 1935 945 1982 mea
972 1919 1131 1982 sententia
1159 1916 1256 1984 habet
1328 1978 1333 1986 .

219 2025 452 2105 probabilitatis
479 2048 643 2108 numeros,
676 2047 746 2094 cum
769 2029 941 2109 Opiniooes
973 2031 1093 2092 nullum
1116 2027 1256 2094 habeant

220 2141 381 2219 proprium
403 2140 516 2220 locum,
541 2141 595 2205 sed
623 2160 679 2221 per
706 2141 830 2221 priores
856 2141 935 2204 duos
963 2141 1113 2205 circuitus
1134 2144 1255 2220 passim

219 2256 387 2330 vagentur,
411 2253 514 2315 itaut
537 2253 673 2316 vindici
696 2253 810 2333 possit:
837 2270 924 2331 ,eos‚
952 2254 1006 2331 qui
1035 2253 1075 2315 ad
1099 2253 1184 2332 ipsas
1206 2255 1255 2317 in·

220 2362 406 2426 troierunt“.
440 2363 513 2426 Jam
536 2365 633 2442 igitur
656 2364 761 2428 missis
784 2361 1057 2427 emendationibus
1082 2363 1256 2444 videamus,

220 2492 294 2536 num
317 2494 355 2538 ea
378 2476 461 2555 ipsa,
494 2495 576 2557 quae
606 2477 639 2539 in
661 2474 749 2538 codd.
773 2479 915 2551 exstant,
946 2475 1095 2556 explicari
1122 2478 1256 2554 possint.

220 2583 312 2661 Quod
335 2583 403 2650 fieri
426 2588 552 2667 nequit,
577 2587 638 2651 nisi
661 2588 722 2664 ita,
745 2593 780 2651 ut
803 2585 914 2651 aoristi
936 2587 1134 2668 participium
1158 2590 1258 2668 parti-

220 2697 292 2777 cipii
315 2702 492 2777 praesentis
516 2697 746 2778 significatione
761 2697 939 2762 adhibitum
955 2716 1023 2761 esse
1046 2703 1180 2762 statuas.
1220 2701 1256 2765 ld

220 2813 324 2873 autem
340 2808 512 2876 hebetioris
528 2808 591 2874 iam
607 2811 685 2874 facti
705 2827 816 2874 sensus
832 2825 901 2872 esse
916 2814 949 2871 et
963 2810 1047 2890 apud
1063 2812 1256 2876 recentiores

221 2920 321 2983 solum
346 2919 480 2984 inveniri
504 2923 626 2985 monuit
641 2920 832 2984 Schmidtius
841 2918 874 3000 ¹).
920 2919 981 2984 Sed
1003 2926 1109 2986 utrum
1129 2939 1258 3003 corrup-

221 3029 284 3092 tela
305 3030 363 3096 hoc
385 3031 454 3096 loco
476 3031 586 3112 lateat,
610 3049 651 3096 an
674 3030 840 3111 participio
864 3031 976 3095 aoristi
998 3049 1056 3111 pro
1078 3034 1256 3111 praesentis

223 3143 394 3152 --—..--

307 3183 329 3251 1)
349 3185 390 3238 1)1
409 3185 567 3240 tractandae
584 3193 689 3252 syntax.
701 3199 790 3251 graec.
808 3191 859 3237 rat.
879 3199 972 3238 comm.
984 3201 1011 3252 p.
1026 3184 1099 3239 Vlll.
1132 3183 1257 3240 Knehne·

220 3285 279 3322 rom
298 3271 354 3336 ((11.
373 3287 413 3338 gr.
432 3274 460 3326 Il
478 3289 505 3340 p.
526 3275 583 3341 161,
602 3289 627 3339 p.
648 3274 697 3324 163
716 3288 743 3325 n.
761 3273 788 3336 4)
806 3271 829 3324 11
847 3271 994 3338 sequimur,
1012 3287 1045 3325 ne
1063 3285 1123 3325 cum
1141 3274 1258 3341 optimae

220 3354 327 3422 quidem
345 3357 504 3412 Graecitatis
526 3359 688 3424 scriptorum
711 3355 905 3411 consuetudine
929 3357 972 3411 hic
995 3373 1059 3411 usus
1080 3367 1191 3424 pugnat.
1227 3358 1256 3410 ld

221 3441 289 3494 enim
308 3458 361 3496 non
379 3444 437 3496 vult
455 3444 526 3495 inter
545 3443 639 3497 coristi
658 3449 684 3494 11
703 3441 850 3509 praesentis
867 3442 1041 3509 participium
1058 3443 1188 3497 1111111111
1206 3443 1257 3496 dis·

221 3527 327 3595 crimen,
346 3535 376 3580 ut
393 3528 461 3582 illud
472 3528 625 3582 necessario
637 3527 755 3594 designet
767 3528 899 3581 actionem
913 3535 1033 3596 tempore
1045 3529 1078 3596 ei,
1092 3544 1162 3596 quse
1177 3529 1257 3581 verbo

222 3611 295 3666 linito
313 3614 480 3682 exprimitur,
497 3613 713 3680 praecedentem.
744 3614 802 3668 Hoc
819 3614 965 3667 sententiae
983 3616 1086 3669 ratione
1104 3614 1172 3668 iere
1189 3614 1258 3667 desi·

222 3697 325 3762 derari,
348 3715 399 3751 non
423 3700 482 3765 ipso
500 3698 641 3767 participio
664 3699 755 3753 aoristi
774 3698 818 3766 (ci.
836 3715 863 3766 p.
883 3701 933 3751 163
950 3715 975 3750 n.
993 3701 1029 3766 4).
1064 3696 1117 3752 Sed
1134 3699 1258 3766 exempla

221 3783 421 3850 participiorum
440 3784 533 3839 coristi
558 3800 607 3854 pro
625 3785 773 3852 praesentis
788 3784 968 3838 adhibitorum
991 3800 1024 3838 ex
1043 3783 1159 3850 optimae
1177 3786 1258 3838 Grae·

221 3869 310 3923 citatis
327 3868 503 3936 scriptoribus
521 3870 612 3926 afferri
630 3876 771 3935 nequeunt.
805 3868 925 3922 Tabulae
942 3885 974 3922 eo
993 3871 1065 3936 loco,
1083 3869 1116 3922 de
1133 3886 1185 3938 quo
1205 3871 1258 3938 agi-

222 3971 288 4014 mus,
306 3969 468 4022 quamquam
488 3956 526 4010 illi
546 3947 729 4016 εἰσελθόντας
747 3955 839 4008 1111111
858 3953 1077 4020 significationem
1097 3955 1134 4010 ita
1151 3955 1258 4012 subesse

222 4039 306 4108 dicas,
330 4049 358 4094 ut
375 4041 408 4108 ii,
426 4039 471 4106 qui
489 4041 666 4110 opinionibus
683 4043 717 4095 111
737 4056 824 4095 reram
844 4039 1029 4098 Eruditioucm
1048 4039 1207 4098 ducentibus
1229 4059 1258 4102 te
