3132 4874
626 324 839 386 ...23-

301 491 347 558 Ut
373 493 479 558 omnia
505 492 570 558 iam
597 509 679 575 quae
700 491 802 557 adhuc
824 493 1024 574 exposuimus
1051 494 1253 575 comprehen-

215 603 297 684 dam,
320 621 359 690 en
374 603 423 686 iis,
449 621 528 686 quae
550 603 583 670 in
599 603 660 670 bac
674 603 907 670 dissertationis
921 611 1014 686 parte
1028 607 1253 686 pertractanda

214 715 305 782 nobis
328 717 559 800 proposuimus,
581 717 622 783 ad
645 716 795 782 iudicium
817 723 937 784 cenum
961 718 1108 800 omnique
1129 718 1254 784 dubita-

213 829 299 895 tione
322 836 501 914 exemptum
518 849 581 896 non
602 831 814 912 pervenimus.
853 831 903 897 lix
917 831 996 913 ipsis
1011 831 1095 897 enim
1111 837 1253 896 veterum

214 941 405 1009 testimoniis
428 943 507 1008 nihil
530 943 599 1010 lere
621 944 701 1010 lucis
724 943 765 1010 ad
788 943 871 1010 hanc
897 945 1117 1026 quaestionem
1139 943 1253 1008 redun-

214 1054 290 1120 dare
313 1073 408 1136 supra
430 1055 576 1121 vidimus.
622 1055 682 1134 Qui
704 1073 781 1120 vero
802 1056 866 1120 iam
895 1057 1011 1120 dudum
1043 1057 1254 1137 suspicionem

213 1173 380 1234 moverunt
394 1166 535 1234 Tabulae
557 1169 628 1250 loci,
651 1187 690 1234 ex
712 1169 751 1233 iis
765 1187 847 1234 unus
863 1169 1108 1251 interpolatione
1131 1169 1255 1235 videtur

214 1279 343 1347 vitiatus
365 1297 449 1362 esse;
480 1300 519 1347 ex
549 1282 651 1347 altero
678 1282 739 1346 nisi
762 1281 963 1350 audaciorem
986 1282 1135 1348 Drosihni
1159 1301 1254 1365 argu·

215 1394 440 1460 mentationem
464 1395 635 1476 sequimur,
658 1393 738 1460 nihil
760 1392 907 1476 allicitur,
930 1412 992 1475 quo
1015 1394 1159 1460 Tabulae
1182 1412 1253 1459 auc·

213 1512 315 1572 torem
351 1507 546 1573 Socraticum
581 1505 730 1572 Cebetem
758 1507 856 1571 nullo
893 1506 986 1572 modo
1020 1507 1126 1588 putari
1162 1523 1256 1588 posse

213 1625 378 1699 appareat.
419 1620 617 1701 Quamquam
632 1637 702 1684 cum
725 1619 887 1699 octoginta
910 1636 1010 1683 annos
1033 1623 1143 1683 natum
1166 1618 1256 1683 illum

212 1731 352 1796 Socratis
376 1731 564 1814 discipulum
594 1731 652 1796 huc
682 1749 762 1812 opus
791 1729 964 1797 confecisse
995 1732 1097 1796 nullos
1131 1730 1250 1796 habeat

213 1844 449 1926 probabilitatis
466 1863 622 1924 numeros,
642 1845 674 1909 in
691 1861 800 1909 eorum
816 1845 1007 1910 sententiam
1022 1843 1255 1922 inclinabimus

214 1958 267 2037 qui
290 1957 440 2023 Pinacem
463 1957 615 2024 Socratici
639 1957 767 2023 (lebetis
790 1975 853 2023 non
876 1975 946 2023 esse
969 1957 1163 2023 existimant.

300 2069 374 2134 Jam
388 2071 487 2152 igitur
504 2070 667 2136 videamus
683 2071 722 2136 de
737 2071 855 2137 (lebete
871 2069 1035 2154 Cyzicena,
1058 2088 1151 2150 quem
1171 2070 1257 2134 solus

211 2183 394 2249 Athenaeus
419 2183 464 2248 lv
480 2188 522 2247 45
545 2203 575 2265 p.
596 2184 694 2249 laod.
719 2184 986 2262 commemoravit,
1010 2182 1064 2248 sed
1089 2183 1146 2262 ita,
1168 2188 1204 2247 ut
1219 2181 1257 2246 de

210 2297 278 2361 eius
300 2295 367 2361 vita
391 2300 422 2360 et
444 2296 572 2378 scriptis
596 2295 675 2360 nihil
704 2296 832 2361 omnino
855 2297 1004 2377 cognosci
1027 2295 1137 2376 possit.
1178 2295 1257 2359 Dro-

213 2409 326 2473 sihnus
349 2425 389 2472 nc
412 2409 450 2474 de
473 2408 533 2474 hoo
555 2409 739 2490 cogitemus,
763 2409 794 2473 id
817 2408 945 2474 obstare
969 2407 1054 2481 vult,
1078 2408 1162 2489 quod
1185 2407 1258 2472 inde

213 2542 233 2587 a
252 2521 392 2587 secundo
406 2527 480 2602 post
497 2521 570 2587 Chr.
587 2540 618 2586 n.
635 2524 760 2588 sacculo
776 2540 884 2588 omncs
900 2520 1055 2587 Tabulam
1069 2521 1258 2587 tribuissent

211 2634 380 2700 Socratico.
427 2635 470 2700 At
492 2634 551 2700 hoc
573 2653 637 2701 non
659 2641 745 2700 recte
767 2636 809 2700 ab
837 2634 891 2700 illo
920 2635 1067 2700 contendi
1092 2652 1189 2716 supra
1212 2634 1258 2698 vi·

212 2747 353 2827 dimus¹).
393 2747 466 2813 Non
482 2747 553 2828 plus
569 2749 654 2814 valet
669 2748 819 2813 Jerramii
835 2754 1067 2828 argumentum,
1084 2748 1138 2829 qui
1153 2743 1258 2827 dicit2)

212 2859 379 2940 aequalem
394 2858 525 2924 Luciani
542 2861 574 2924 in
590 2859 676 2924 illius
691 2860 839 2942 operibus
855 2878 919 2925 non
939 2859 1082 2942 potuisse
1097 2859 1258 2940 designari

212 2973 369 3038 vocabulo
386 2970 520 3048 ἐκεῖνος.
558 2971 656 3038 (iuius
674 2973 758 3038 enirn
774 2991 852 3054 opus
868 2973 910 3037 ab
926 2973 1072 3039 omnibus
1095 2972 1258 3037 lectitatur

210 3089 244 3148 et
266 3084 300 3148 in
322 3085 464 3149 omniurn
487 3103 541 3150 ore
556 3091 711 3164 versatur,
735 3085 763 3150 is
785 3085 945 3150 convivus
965 3090 1078 3164 „notus
1097 3084 1168 3148 ille“
1195 3102 1258 3150 non

211 3198 313 3278 possit
343 3196 467 3276 vocari,
499 3196 585 3263 haud
616 3197 775 3278 intellego.
821 3197 864 3264 At
895 3197 927 3262 id
950 3197 1053 3278 ipsum
1076 3197 1108 3260 in
1140 3214 1258 3277 magna

211 3309 266 3375 illa
295 3307 396 3388 lama,
428 3328 491 3390 qua
513 3309 683 3389 Tabulam,
714 3311 857 3376 simodo
884 3307 993 3392 Cynici
1021 3307 1148 3375 Cebetis
1179 3313 1258 3389 erat,

210 3419 353 3487 floruisse
370 3428 500 3504 propter
515 3422 647 3488 Luciani
659 3423 735 3488 illud
749 3422 874 3500 ἐκεῖνος
890 3427 1078 3502 statuemus,
1094 3422 1186 3488 valde
1201 3422 1259 3487 mi·

210 3533 346 3599 randum
368 3540 464 3614 esset,
488 3534 570 3615 quod
593 3535 776 3600 Athenaeus
799 3553 840 3599 ne
861 3536 958 3602 verbo
973 3535 1102 3617 quidem
1125 3552 1260 3599 comme-

216 3652 318 3713 morat
341 3664 419 3729 opus
443 3665 462 3711 a
487 3645 605 3713 Cebete
628 3646 816 3713 confectum.
862 3648 952 3727 Quod
980 3665 1173 3729 quamquam
1196 3664 1260 3710 non

212 3777 249 3824 co
272 3759 373 3838 valet,
398 3765 434 3824 ut
456 3759 607 3826 Pinacem
630 3778 650 3823 a
678 3759 796 3843 Cynico
819 3759 935 3826 cebete
963 3759 1025 3824 ullo
1053 3759 1147 3823 modo
1176 3775 1260 3822 com·

210 3873 286 3955 poni
318 3871 460 3953 potuisse
485 3889 659 3956 negemus,
691 3873 880 3955 praesertim
913 3889 982 3937 cum
1018 3888 1070 3948 ca,
1105 3886 1188 3949 quae
1221 3868 1260 3932 do

299 4023 325 4093 ι)
343 4041 371 4094 p.
392 4025 432 4080 13.

300 4109 324 4178 ²)
345 4111 430 4180 prael.
448 4127 476 4180 p.
495 4111 519 4164 X
537 4112 598 4166 adn.
617 4114 641 4166 2.
