3124 4870
707 309 945 369 -104-

312 476 495 557 quaestione
517 477 758 558 profecerimus,
783 479 811 541 si
833 477 973 558 quoeris,
1002 476 1079 543 haec
1101 481 1176 545 mihi
1200 478 1347 544 videntur

311 588 529 668 respondenda
545 605 628 653 esse:
652 589 709 667 Ea,
726 606 806 671 quae
822 588 860 652 de
875 588 1047 655 artificibus
1063 592 1272 672 exposuimus,
1295 593 1346 656 de·

311 702 434 766 clarent
461 719 525 764 non
557 706 631 765 ante
657 701 902 766 Alexandrinam
930 707 1065 768 aetatem
1095 703 1247 768 Tabulam
1275 722 1348 768 con-

310 812 426 878 lectam
450 831 528 878 esse.
574 812 662 891 Quae
686 813 797 878 deinde
821 814 1087 895 descriptoribus
1112 815 1348 896 disputavimus,

313 943 349 990 ea
371 926 441 1005 ipsa
464 944 587 1006 quoque
609 944 666 990 nos
689 926 901 1006 adduxerunt,
925 934 961 991 ut
982 935 1055 1008 post
1076 928 1248 993 Alexandri
1270 933 1349 992 tem·

314 1057 392 1119 pora
408 1039 533 1103 Pinacis
556 1043 715 1103 auctorem
738 1039 835 1104 fuisse
858 1045 1069 1105 statueremus
1086 1048 1182 1122 atque
1204 1041 1232 1103 ei
1252 1040 1350 1119 potis-

313 1153 425 1216 simum
441 1150 539 1215 aetati
558 1170 630 1216 eum
645 1152 888 1233 assignaremus,
908 1171 970 1233 qua
986 1152 1160 1217 Stoicorum
1183 1153 1350 1229 allegorias

312 1262 451 1343 fingendi
482 1265 621 1329 studium
655 1267 754 1331 secuti
783 1266 805 1330 ii
838 1264 1031 1346 philosophi,
1059 1267 1113 1347 qui
1142 1264 1181 1329 de
1208 1263 1349 1328 moribus

315 1376 505 1457 scribebant,
521 1394 615 1456 qnam
631 1377 784 1457 plurimas
803 1377 957 1455 imagines
981 1377 1128 1457 operibus
1146 1377 1210 1441 suis
1233 1377 1350 1440 insere—

211 1564 212 1570 ,
315 1489 400 1552 bant.
445 1488 612 1552 Artissima
642 1489 700 1552 hec
727 1489 759 1551 in
791 1507 825 1552 re
849 1506 918 1552 cunr
947 1487 1064 1554 Cebete
1087 1489 1235 1567 coniungi
1258 1488 1345 1551 simi-

315 1599 448 1663 litudine
480 1601 616 1663 vidimus
651 1600 814 1664 Philonem
844 1601 1014 1680 Judaeum,
1046 1600 1179 1664 Dionem
1217 1598 1350 1681 Chryso-

315 1717 465 1791 stomum,
489 1711 677 1793 Lucienum,
707 1712 753 1775 ita
774 1719 898 1791 tamen,
928 1715 964 1776 ut
986 1713 1094 1790 'magis
1117 1713 1151 1775 in
1175 1729 1281 1775 eorum
1305 1713 1352 1775 irr-

316 1825 502 1888 clinaremus
525 1824 730 1903 sententiam,
754 1823 808 1903 qui
832 1822 980 1888 (lebetem
1003 1828 1076 1887 ante
1098 1823 1233 1887 Dionem
1255 1823 1353 1887 fuisse

316 1937 508 2001 existimant.

515 2187 590 2271 lv.
617 2189 680 2270 llo
707 2189 906 2272 Tabulae
934 2208 1152 2272 sermone.

405 2367 442 2430 ln
465 2367 606 2432 Tabulae
629 2385 804 2432 sermonem
833 2367 886 2447 qui
915 2369 1035 2447 primus
1064 2367 1243 2446 inquisivit,
1273 2364 1353 2427 Dro-

318 2480 440 2558 sihnuS,
463 2498 503 2544 ne
520 2481 735 2560 quaestionem
759 2481 798 2544 ad
822 2479 915 2542 finem
938 2479 1133 2561 perduceret,
1158 2477 1295 2558 quidque
1318 2494 1356 2539 66

318 2593 456 2656 auctoris
478 2611 537 2656 usn
553 2592 675 2657 dicendi
697 2591 736 2656 de
759 2593 826 2656 eius
849 2596 956 2656 aetate
975 2589 1182 2670 colligendum
1206 2592 1299 2665 esset,
1322 2587 1356 2650 in

319 2705 456 2770 medium
490 2706 660 2786 proferret,
699 2710 800 2770 morte
833 2703 1002 2783 impeditus
1032 2707 1088 2766 est.
1147 2702 1258 2780 Itaque
1289 2699 1356 2763 eius

319 2820 430 2900 studii,
463 2818 545 2899 quod
575 2819 608 2881 in
640 2818 698 2880 hac
725 2834 761 2879 re
788 2815 964 2879 Drosihnus
994 2815 1113 2894 posuit,
1144 2812 1264 2877 fructus
1293 2829 1356 2875 non

319 2936 431 3009 exstat,
455 2931 516 2994 nisi
530 2930 696 2993 verborum
720 2927 823 3006 index,
847 2945 938 3006 quem
956 2925 1087 2992 editioni
1110 2943 1185 2990 suae
1200 2925 1355 2989 adiunxit.

321 3045 358 3108 ln
386 3062 448 3124 quo
478 3043 691 3123 componendo
723 3062 958 3125 nonnumquam
993 3039 1152 3107 erroribus
1182 3039 1271 3102 illum
1301 3038 1357 3101 ob-

321 3157 465 3220 strictum
489 3173 559 3220 esse
582 3173 683 3236 neque
705 3157 825 3234 omnia,
856 3174 936 3236 quae
957 3157 991 3219 in
1013 3154 1072 3217 hac
1093 3150 1263 3232 appendice
1286 3167 1358 3214 con-

323 3272 486 3347 geruntur,
510 3268 601 3348 aequi
616 3266 764 3348 ponderis
785 3285 854 3331 esse
870 3267 910 3331 ad
925 3266 1140 3348 quaestionem
1164 3262 1202 3326 de
1217 3261 1359 3326 Tabulae

322 3380 531 3458 germanitate
551 3353 775 3445 instituendam
798 3387 883 3445 recte
907 3379 1029 3443 monuit
1044 3377 1216 3441 Jerramius
1224 3373 1259 3455 ¹).
1294 3374 1357 3438 Ne-

322 3511 383 3577 que
412 3494 539 3558 omnino
570 3496 638 3558 eius
667 3495 748 3558 ratio
780 3492 961 3557 satisfacere
990 3491 1122 3554 videtur.
1176 3487 1244 3552 Hoc
1276 3485 1358 3549 enim

323 3611 468 3689 apparet,
501 3607 580 3680 siv.
610 3623 639 3685 g.
671 3606 852 3670 adverbium
883 3596 1044 3685 eldepadus
1073 3600 1163 3682 (Tab.
1189 3599 1257 3678 7,2)
1285 3602 1360 3663 ante

324 3718 491 3784 Menandri
506 3723 642 3783 aetatem
665 3717 697 3781 in
721 3718 771 3797 iia,
795 3734 875 3796 quae
898 3715 937 3778 ad
959 3732 1017 3778 nos
1032 3714 1255 3793 pervenerunt,
1278 3710 1361 3773 anti-

326 3833 457 3912 quitatis
480 3830 692 3898 monumentis
715 3848 778 3895 non
800 3829 976 3907 invenitur,
1008 3826 1041 3888 in
1072 3824 1130 3887 hac
1158 3841 1193 3887 re
1221 3822 1362 3903 acquies-

334 3955 506 3962 ——.—-—

414 4005 433 4068 ¹)
453 4001 576 4056 Jerramii
603 4001 664 4055 edit.
688 4001 773 4068 prael.
799 4016 826 4068 p.
844 3999 897 4053 XII
916 4014 968 4064 sq.;
997 4009 1074 4065 quern
1093 3995 1202 4048 nimium
1227 3991 1361 4046 Drosihno

326 4089 466 4160 derogasse
484 4087 554 4142 inira
571 4086 728 4141 videbimus.
