3132 4874
722 369 938 430 ..32-

315 538 480 603 convenire
503 556 572 603 cum
596 523 745 602 Platone?
787 535 852 602 Nos
875 541 1036 602 auctorem
1058 536 1118 603 bac
1139 537 1172 602 in
1194 555 1229 602 re
1252 538 1351 602 multo

314 650 444 732 propius
458 651 498 715 ad
511 649 633 715 Stoicos
645 649 795 714 accedere
808 647 890 714 inlra
899 649 1195 716 demonstrabimus.
1231 648 1352 713 Deinde

315 764 345 828 ei
367 763 449 842 loco,
473 761 528 844 qui
551 766 600 827 est
623 760 699 825 Tab.
724 765 778 840 23,
803 765 832 842 4,
857 759 1063 828 (lasaubonus
1085 765 1192 827 monet
1214 759 1353 843 aliquam

316 873 556 939 similitudinem
596 891 666 938 esse
708 890 778 938 cum
822 891 858 937 eo
898 873 1042 940 Platonis
1086 874 1166 952 loco,
1209 873 1264 952 qui
1305 874 1355 935 est

317 987 440 1051 Manen.
468 990 529 1049 247
537 1004 554 1050 e
577 1003 623 1065 sq.
676 984 762 1062 Quos
791 985 875 1050 locos
899 987 926 1051 si
949 987 1182 1068 comparaveris
1205 986 1288 1049 inter
1311 1002 1354 1063 sa,

317 1099 457 1181 prolecto
484 1098 524 1162 de
550 1096 755 1162 similitudine
786 1097 832 1161 1111
863 1099 1055 1164 assentieris.
1109 1098 1218 1178 Neque
1248 1101 1356 1161 tamen

318 1209 390 1274 inde
417 1209 450 1273 id
477 1209 560 1290 quod
588 1206 794 1274 casaubonus
823 1210 890 1275 vult
920 1209 1064 1277 efficitur.
1111 1209 1250 1274 Primum
1273 1208 1357 1272 enim

320 1322 456 1387 auctoris
498 1339 567 1386 cum
610 1320 742 1386 Platone
785 1323 949 1386 consensio
992 1328 1058 1388 tum
1103 1323 1228 1387 demum
1269 1319 1359 1384 testi·

321 1433 426 1498 monio
455 1438 541 1498 esset
570 1432 804 1498 Platonicorum
836 1434 867 1496 in
900 1451 1031 1500 numero
1063 1433 1151 1498 illum
1183 1432 1358 1514 putandum

322 1565 409 1625 esse,
433 1547 460 1609 si
483 1545 575 1609 Plato
599 1564 637 1608 ea
664 1545 695 1608 in
720 1564 754 1609 re
781 1565 801 1609 a
824 1545 937 1610 ceteris
960 1545 1220 1627 philosophorum
1243 1543 1359 1610 scholis

323 1658 542 1737 dissensisset3
565 1675 734 1736 quaerero
757 1674 819 1721 non
844 1659 944 1722 solum
961 1659 1044 1740 apud
1059 1657 1234 1737 Platonem,
1251 1674 1360 1720 verum

323 1771 420 1838 etiam
449 1768 530 1849 apud
560 1768 641 1832 alios
671 1767 874 1851 philosophos
906 1771 1058 1852 plurimos
1092 1770 1297 1835 inveniuntur
1319 1801 1360 1812 *-

327 1901 406 1962 eam,
431 1881 468 1946 de
483 1899 546 1962 qna
560 1880 693 1960 agimus,
717 1883 906 1947 sententiam
921 1881 1035 1948 Stoicis
1051 1883 1247 1947 tritissimam
1264 1880 1363 1945 fuisse

326 1993 409 2060 infra
432 1993 633 2060 ostendemus
656 2027 708 2072 ——‚
731 1993 770 2057 iis
794 1993 872 2058 nibil
896 1994 934 2058 de
957 1996 1098 2060 auctoris
1119 1992 1241 2057 familia
1264 1991 1364 2055 evinci

326 2113 412 2172 reete
428 2109 535 2171 monet
549 2104 727 2170 Feurlinns.
767 2106 895 2171 Accedit
910 2108 1010 2174 aliud:
1034 2108 1089 2172 illa
1106 2107 1189 2171 enim
1205 2103 1364 2170 sententia

329 2220 413 2302 apud
429 2218 594 2282 Platonem
611 2235 674 2281 non
690 2219 836 2298 occurrit,
860 2219 921 2282 nisi
940 2238 1003 2284 uno
1027 2219 1080 2285 illo
1096 2216 1264 2282 Menexeni
1281 2214 1364 2289 loco;

330 2333 398 2396 eius
422 2335 528 2395 autem
552 2328 670 2409 dialogi
694 2330 867 2395 auctoritas
891 2335 940 2395 est
963 2326 1221 2407 infirmissima¹).
1260 2324 1365 2388 Minus

329 2444 425 2508 etiam
450 2441 625 2506 audiendus
648 2446 698 2505 est
720 2439 862 2520 Wolfins,
886 2441 940 2522 qui
963 2442 1090 2506 Pinacis
1114 2443 1272 2504 auctorem
1295 2434 1366 2498 Pla-

330 2555 470 2620 tonicum
498 2551 596 2618 luisse
619 2557 727 2618 censet
749 2557 879 2633 propter
906 2571 975 2616 eam
998 2570 1080 2632 qnae
1107 2551 1190 2613 inter
1212 2547 1366 2612 Tabulam

330 2671 363 2730 et
385 2664 527 2730 Platonis
544 2664 599 2738 ¹ad
621 2663 843 2730 Aristodorum
870 2663 1037 2743 epistulam
1045 2661 1071 2744 ²)
1102 2661 1269 2726 intercedit
1296 2678 1368 2724 con·

332 2779 520 2842 sensionem.
560 2776 606 2841 Ut
628 2777 774 2840 omittam
791 2793 944 2856 quaerere
959 2775 997 2838 de
1020 2775 1212 2840 auctoritate
1227 2771 1369 2837 Platonis

332 2909 413 2974 qnae
436 2889 581 2955 feruntur
609 2888 829 2969 epistularum:
858 2904 939 2968 quae
963 2885 1077 2951 Wolfio
1101 2885 1270 2949 obversata
1297 2886 1370 2947 sunt

333 3002 445 3067 verba:
486 2993 524 3064 τὸ
557 2992 621 3082 γὰρ
644 2997 781 3080 βέβαιον
813 2996 868 3062 καὶ
894 2990 1014 3061 πιστὸν
1045 2993 1100 3061 καὶ
1127 2987 1233 3078 ὑγιές,
1268 2997 1368 3058 τοῦτο

335 3109 398 3194 ἐγώ
423 3136 509 3194 φημι
532 3105 696 3193 εἶναιτὴν
719 3103 888 3193 ἀληθινὴν
904 3111 1121 3192 φιλοσοφίαν,
1142 3100 1201 3183 τὰς
1220 3105 1257 3171 δὲ
1273 3101 1373 3181 ἄλλας

335 3247 369 3288 τε
404 3221 459 3289 καὶ
487 3226 533 3298 εἰς
560 3217 643 3287 ἄλλα
675 3217 849 3297 τεινούσας
876 3223 997 3304 σοφίας
1027 3244 1062 3284 τε
1094 3217 1149 3284 καὶ
1182 3214 1374 3301 δεινότητας

337 3332 548 3420 κομψότητας
577 3329 668 3416 οἶμαι
698 3328 959 3416 προσαγορεύων
984 3325 1097 3414 ὀρθῶς
1119 3323 1310 3413 ὀνομάζειν,
1337 3348 1375 3393 ea

338 3455 401 3514 tam
426 3450 490 3512 late
505 3451 625 3529 patent,
648 3453 685 3512 nt
701 3466 740 3512 ex
759 3447 798 3512 iis
815 3448 1035 3528 cognationem
1051 3444 1210 3526 quandam
1226 3444 1375 3507 artiorem

338 3563 421 3627 inter
444 3559 586 3624 Tabulae
608 3564 770 3624 auctorem
800 3565 832 3624 et
862 3559 1026 3624 Platonem
1055 3571 1254 3638 nequaquam
1282 3553 1377 3616 liceat

339 3669 524 3752 statnerc³).

342 3849 516 3858 ——u-—n-

430 3940 449 4007 l)
469 3940 503 3995 cl.
520 3939 617 4006 Zellcr,
636 3937 661 3992 d.
679 3936 750 3992 Phil.
767 3936 793 3990 d.
812 3936 858 3989 Gr.
877 3935 905 4000 11
924 3938 992 4003 1‚p.
1011 3935 1070 3986 418.

429 4040 451 4111 ²)
469 4042 589 4098 Platonis
606 4041 684 4110 epist.
704 4043 745 4097 10.

432 4146 457 4216 ⁸)
475 4147 594 4204 Platonis
611 4147 778 4214 dialogorum
795 4150 931 4200 auctorem
944 4141 1065 4196 Tabulae
1085 4155 1137 4195 nnn
1156 4140 1276 4207 ignarum
1295 4136 1380 4191 luisse
