3132 4874
633 333 824 392 -3..

212 522 349 585 operam,
373 504 436 569 nisi
451 505 535 586 quod
549 502 753 590 demanium)
769 504 801 568 in
824 503 983 584 prooemio
1005 502 1153 569 editionis
1176 521 1252 569 suae

212 617 314 682 denuo
346 617 505 681 recensuit
537 615 769 697 philosophiam
796 615 938 681 Tabulae
971 622 1004 681 et
1034 616 1073 680 de
1100 616 1252 696 allegoria

213 728 356 809 pluribus
387 729 550 808 disseruit,
575 727 631 793 sed
661 729 721 808 ita,
751 734 787 792 ut
809 747 847 792 ex
876 729 944 794 eius
977 728 1190 808 disputatione
1212 729 1253 794 ad

214 842 364 906 iudicium
388 842 427 904 de
447 840 588 904 Tabulae
617 841 740 922 origine
773 840 950 906 faciendum
981 839 1119 905 fructum
1143 859 1254 922 capere

216 955 265 1018 vix
297 954 415 1035 possis;
448 953 530 1017 idem
563 970 686 1017 errores
717 952 898 1032 nonnullos,
933 953 1046 1034 quibus
1077 953 1254 1018 Drosihuus

216 1074 326 1146 captus
348 1070 418 1130 erat
441 1065 473 1128 in
496 1064 709 1145 componendo
733 1065 897 1129 verborum
922 1064 1033 1143 indice,
1057 1067 1210 1145 coarguit.

303 1177 389 1242 Nihil
418 1177 535 1241 attinet
564 1176 708 1257 pluribus
743 1193 898 1256 exponere
926 1195 964 1240 ea
996 1177 1062 1257 via,
1091 1195 1186 1258 quam
1209 1177 1257 1241 in-

217 1307 344 1371 gressus
367 1289 545 1354 Drosihuus
570 1308 608 1353 ne
631 1288 669 1351 ad
699 1287 793 1353 finem
825 1277 891 1354 rem
915 1295 1129 1372 pertractaret
1155 1295 1257 1356 morte

219 1403 388 1484 impeditus
403 1409 463 1481 est,
478 1403 673 1483 pergendum
690 1420 769 1467 esse.
804 1404 893 1481 Quae
907 1404 990 1467 enim
1006 1404 1115 1484 paucis
1131 1403 1258 1485 paginis

219 1515 335 1593 illaec,
352 1533 446 1596 quam
464 1514 627 1595 descripsi,
649 1514 827 1594 inquirendi
842 1515 966 1579 ratione
981 1533 1057 1580 usus
1074 1517 1258 1598 disputavit,

222 1646 261 1692 ex
284 1629 323 1692 iis
346 1634 413 1692 tam
428 1629 551 1708 amplus
567 1626 687 1692 tructus
703 1627 838 1707 capitur,
860 1633 896 1692 ut
914 1629 968 1690 vix
989 1629 1082 1692 liceat
1105 1627 1259 1706 dubitare,

219 1741 295 1823 quin
319 1740 591 1822 operaepretium
615 1739 756 1804 futurum
780 1740 837 1820 sit,
867 1740 966 1804 altius
989 1738 1071 1805 hanc
1093 1741 1260 1804 materiam

222 1853 367 1918 omnibus
391 1870 430 1916 ex
451 1852 596 1934 partibus
618 1853 825 1933 perscrutari,
850 1870 951 1933 neque
974 1852 1140 1918 audiamus
1162 1853 1262 1918 Eber-

223 1961 393 2044 hardium²)
416 1982 547 2045 prorsus
570 1963 688 2029 dehac
710 1965 929 2046 disquisitione
952 1965 1184 2046 desperantem.
1225 1966 1261 2031 Id

223 2078 304 2141 euim
328 2082 414 2140 certe
435 2095 598 2158 speramus
621 2094 679 2140 nos
703 2082 902 2142 assecuturos
926 2095 1011 2155 esse,
1040 2082 1077 2141 ut
1094 2095 1148 2142 eos
1171 2077 1264 2141 rclel-

223 2191 336 2268 lamus,
359 2189 413 2271 qui
436 2189 532 2253 etiam
556 2185 684 2268 nuper³)
707 2189 817 2268 paneis
839 2189 1029 2270 quibusdam
1052 2190 1129 2253 locis
1152 2190 1264 2255 deletis

224 2301 283 2365 hoc
311 2319 390 2382 opus
418 2319 488 2365 cum
513 2299 652 2365 Socratis
680 2300 879 2381 philosophia
902 2301 1115 2384 Socraticique
1139 2301 1265 2367 Cebetis

225 2419 330 2478 aetate
346 2413 441 2494 plane
456 2413 623 2478 convenire
638 2413 876 2490 existimarunt3
895 2432 973 2494 quos
990 2414 1165 2480 Drosihuus
1181 2415 1266 2479 baud

227 2525 434 2591 mediocribus
457 2526 653 2606 argumentis
676 2505 874 2606 impugnavit
897 2545 998 2607 neque
1021 2533 1126 2591 tamen
1151 2528 1207 2607 ita,
1232 2532 1267 2590 ut

227 2644 327 2703 totam
344 2657 410 2703 rem
426 2639 605 2702 absolutam
623 2638 810 2718 illorumque
829 2639 1020 2704 sententiam
1037 2657 1168 2719 prorsus
1183 2638 1268 2704 reiu-

228 2757 328 2816 tatam
352 2769 421 2816 esse
443 2769 581 2815 censeas.
624 2751 693 2814 Hac
714 2752 813 2832 igitur
828 2751 974 2832 opinione
997 2753 1146 2817 convulsa
1161 2759 1268 2817 certae

228 2864 349 2927 cuidam
383 2865 483 2928 aetati
512 2869 672 2928 auctorem
700 2864 842 2929 Tabulae
875 2864 1060 2929 conabimur
1092 2865 1268 2945 assignare.

229 2975 298 3053 Qua
320 2979 352 3040 in
377 2977 597 3055 disquisitione
612 2981 740 3056 propter
754 2977 893 3042 auctoris
908 2977 1150 3057 philosophandi
1173 2976 1270 3041 ratio·

229 3106 301 3153 nem
318 3088 358 3152 ad
375 3106 571 3156 communem
586 3088 836 3166 intellegentiam
853 3089 1121 3153 accommodatam
1146 3087 1271 3152 difficil-

230 3201 305 3264 lima
328 3201 452 3264 etiamsi
475 3199 567 3263 nobis
590 3218 652 3263 nou
669 3201 833 3280 continget
847 3206 884 3264 ut
900 3218 1023 3264 ornnem
1040 3199 1269 3264 dubitationem

230 3311 391 3390 tollamus,
430 3319 537 3377 tamen
570 3313 767 3392 aliquantum
802 3331 859 3378 nos
897 3313 1092 3394 prolecturus
1129 3330 1271 3395 quaeque

230 3423 353 3504 aliquos
381 3423 521 3488 habeant
551 3424 785 3505 probabilitatis
813 3442 959 3489 numeros
991 3427 1171 3506 prolaturos
1203 3443 1273 3490 esse

231 3535 426 3600 confidimus.

320 3649 459 3713 Primum
484 3650 585 3712 dicam
609 3651 647 3714 de
671 3657 812 3715 veterum
835 3667 916 3730 quae
940 3657 1014 3715 sunt
1041 3652 1079 3714 de
1103 3650 1218 3715 Cebete
1242 3657 1275 3714 et

322 3923 347 3990 ¹)
368 3920 494 3994 Κέβητος
514 3924 615 3990 Πίναξ,
634 3921 733 3976 Oxtord
755 3926 828 3978 1878.

323 4009 349 4076 ²)
370 4009 496 4062 Bursiani
515 4009 604 4064 annal.
624 4011 690 4064 1873
709 4009 734 4060 ll
755 4026 780 4077 p.
803 4013 877 4064 1299,

324 4093 349 4150 'r
368 4095 402 4149 ci.
420 4097 567 4150 Baehrium
585 4097 611 4150 in
631 4095 726 4164 Paulyi
745 4096 953 4165 encyclopaedia
971 4113 991 4150 a.
1011 4116 1032 4152 ι,
1054 4099 1145 4154 Cebes.
1241 4139 1244 4144 -

1022 4185 1057 4252 ¹*
