3124 4870
700 389 735 398 ...
786 355 912 419 94..

289 527 453 607 Lucianus,
477 526 614 593 breviter
629 528 764 605 monuit;
788 545 845 590 nos
869 527 901 590 in
925 544 972 607 ea,
995 545 1075 611 quae
1089 527 1184 592 huius
1199 529 1324 608 generis

290 641 372 721 apud
402 640 565 704 Philonem
594 640 762 719 Judaeum,
794 641 927 704 Dionem
958 639 1229 721 chrysostomum,
1260 640 1323 703 Lu-

291 752 414 815 cienum
434 753 647 832 inveniuntur,
672 753 813 833 exempla
829 753 1010 833 diligentius
1033 753 1237 835 inquiremus,
1282 753 1324 816 Hi

290 865 373 928 enim
397 883 434 928 ex
453 866 597 930 omnibus
620 866 688 929 eius
703 868 816 930 aetatis
838 865 1044 945 scriptoribus
1059 865 1187 946 plurimi
1209 865 1242 929 in
1265 864 1324 929 hac

288 973 427 1055 fingendi
450 977 573 1043 ratione
595 977 692 1042 luisse
716 977 793 1041 mihi
814 977 970 1042 videntur.

379 1089 483 1169 Atque
521 1089 662 1154 Philonis
696 1090 822 1170 quidem
857 1097 934 1168 quot
966 1090 1135 1168 allegoriae
1167 1089 1206 1154 iis
1236 1090 1325 1154 libris

294 1203 524 1282 contineantur,
538 1203 650 1283 quibus
662 1204 778 1267 sanctis
788 1202 978 1267 ludaeorum
987 1203 1112 1283 scriptis
1122 1202 1325 1280 allegoricam

290 1314 419 1378 adhibet
452 1316 759 1395 interpretationem,
794 1315 846 1378 vix
879 1315 1045 1395 quisquam
1079 1315 1323 1393 enumeraverit;

290 1445 391 1509 neque
421 1427 512 1492 nobis
543 1446 617 1492 cura
651 1433 699 1492 est
728 1427 790 1491 nisi
818 1426 856 1490 de
884 1427 943 1507 eis,
972 1444 1146 1506 quaecum
1170 1425 1324 1490 Cebeticis

290 1540 395 1620 aliqua
417 1541 623 1607 similitudine
646 1543 886 1621 coniunguntur.
923 1541 971 1604 De
993 1543 1118 1606 ratione
1140 1541 1224 1605 inter
1239 1546 1324 1603 artes

289 1652 435 1717 liberales
474 1659 506 1718 et
545 1672 652 1717 veram
690 1653 919 1735 philosophiam
963 1653 1177 1718 intercedente
1185 1653 1209 1730 ¹)
1246 1652 1323 1715 baec

290 1763 366 1828 dicit
381 1765 441 1844 leg.
458 1766 510 1830 ali.
526 1767 627 1831 11187
645 1784 673 1846 p.
694 1771 753 1830 135
778 1767 835 1829 Mc
865 1759 899 1830 ‘0
914 1759 977 1848 γάρ
1000 1768 1146 1848 μελετῶν
1169 1765 1206 1830 ἐν
1226 1757 1325 1848 άρετῆ

289 1879 395 1962 τελείᾳ
417 1889 594 1959 κατοικεῖν,
617 1876 697 1961 πρὶν
718 1877 924 1962 ἐγγραφῆναι
947 1881 986 1964 τῆ
1006 1874 1099 1943 πόλει
1123 1871 1234 1961 αύτῆς,
1257 1871 1326 1952 τοῖς

290 1987 474 2070 ἐγκυκλίοις
505 1985 677 2073 μαθήμασι
710 2001 875 2073 παροικεῖ,
908 1991 963 2055 ἵνα
996 1983 1052 2055 διά
1083 1985 1212 2055 τούτων
1242 1981 1326 2071 πρὸς

290 2103 419 2164 τελείαν
442 2094 563 2183 άρετῆν
586 2094 715 2185 ἀφέτας
738 2094 878 2186 ὁρμῆσγ.
912 2102 960 2166 De
982 2103 1091 2167 eadem
1113 2120 1148 2166 rc
1164 2102 1202 2166 de
1218 2120 1324 2181 congr.

291 2230 397 2294 quaer.
429 2213 514 2277 erud.
539 2218 619 2293 grat.
644 2219 679 2295 3,
706 2232 736 2294 p.
761 2218 824 2280 520
847 2214 904 2277 M.:
950 2211 1168 2296 Θεραπαινὶς.
1185 2216 1327 2296 ,σοφίας

290 2314 310 2405 ῆ
329 2317 383 2386 διά
399 2325 467 2387 τῶν
478 2319 780 2407 προπαιδενμάτων
793 2320 965 2407 ἐγκύκλιος
976 2318 1119 2407 μουσικῆ
1133 2323 1188 2389 καὶ
1199 2320 1324 2408 λογικῆ.

284 2429 410 2517 Ὥσπερ
433 2429 497 2519 γάρ
521 2435 558 2501 ἐν
576 2433 637 2518 μὲν
653 2439 771 2514 οἰκίαις
786 2431 912 2502 αύλειοι
927 2433 1118 2519 πρόκεινται
1134 2432 1326 2516 κλισιάδων,

292 2545 328 2610 ἐν
353 2545 389 2611 δὲ
405 2547 520 2613 πόλεσι
542 2543 582 2614 τά
602 2545 782 2632 προάστεια
798 2543 839 2614 δι’
858 2536 906 2614 ὧν
921 2557 998 2615 είσω
1014 2552 1161 2632 βαδίζειν
1177 2553 1325 2615 ἔνεστιν·

293 2654 398 2736 οὕτως
421 2659 476 2724 καὶ
509 2654 627 2745 άρετῆς
653 2657 823 2744 πρόκειται
849 2656 889 2727 τά
917 2659 1082 2746 ἐγκύκλια.
1131 2665 1241 2727 Ταῦτα
1263 2655 1327 2744 γάρ

293 2764 373 2848 ὁδός
395 2772 485 2838 ἐστιν
505 2768 552 2839 ἐπ’
571 2773 702 2856 ἐκείνην
717 2773 876 2857 φέρουσα.
910 2775 1081 2840 Praeterea
1096 2793 1242 2856 compara
1257 2793 1326 2837 eum

291 2885 405 2965 locum,
427 2886 481 2966 qui
498 2892 546 2950 est
565 2886 626 2966 leg.
640 2886 691 2950 all.
701 2887 734 2951 II
747 2891 798 2964 24,
813 2907 844 2967 p.
858 2892 913 2952 84:
937 2881 1092 2969 άτριπτος
1106 2882 1168 2969 μὲν
1180 2879 1197 2950 ὁ
1211 2879 1328 2971 άρετῆς

293 2999 411 3080 χῶρος,
427 2989 535 3080 ὀλίγοι
547 2991 611 3080 γάρ
623 3000 802 3080 βαίνουσιν
817 2991 932 3080 αύτόν,
947 2997 1113 3081 τέτριπται
1128 2994 1166 3063 δδ
1181 2990 1198 3062 ὁ
1214 3003 1329 3074 κακίας

293 3127 361 3174 cum
378 3110 452 3174 Tab.
473 3114 521 3190 15,
541 3111 617 3175 ibid.
631 3115 670 3175 26
684 3131 713 3192 p.
725 3116 765 3176 86
778 3112 838 3176 M.:
862 3107 1058 3177 σπούδασον
1072 3115 1328 3195 στεφανωθῆναι
1378 3145 1381 3148 ·

293 3216 376 3286 κατά
391 3225 450 3305 τῆς
464 3215 543 3299 τούς
557 3217 678 3299 άλίονς
698 3218 843 3299 ἅπαντας
858 3219 1002 3305 νικώσης
1016 3216 1142 3307 ἡδονῆς
1156 3216 1259 3288 καλὸν
1274 3222 1328 3287 καὶ

293 3325 409 3397 adulati
426 3331 594 3418 στέφανον
617 3353 685 3399 cum
708 3335 785 3400 Tab.
799 3342 849 3400 22.
895 3337 942 3400 De
964 3337 1040 3402 Tab.
1065 3343 1094 3418 9,
1121 3341 1159 3402 18
1183 3336 1330 3401 admonet

293 3445 323 3510 d.
347 3463 441 3509 merc.
464 3454 590 3514 meretr.
614 3452 649 3527 2,
677 3467 705 3528 p.
731 3453 792 3512 265
816 3449 876 3514 Μ.;
912 3445 975 3513 δύο
998 3441 1063 3532 γάρ
1085 3441 1181 3532 ῆμῶν
1204 3444 1328 3535 ἑκάστω

294 3560 492 3622 σννοικούσι
519 3571 675 3642 γυναῖκες
702 3558 819 3643 ἐχθραὶ
845 3560 900 3625 καὶ
931 3563 1105 3645 δυσμενεῖς
1132 3555 1328 3646 άίλῆλαις..

299 3665 434 3734 Τούτων
455 3663 517 3754 τῆν
541 3670 601 3755 μὲν
614 3671 728 3758 ἑτέραν
744 3667 942 3757 ἀγαπῶμεν.
957 3680 1142 3741 ..καλεῖται
1159 3674 1196 3740 δὲ
1211 3666 1328 3759 ῆδονῆ.

298 3776 368 3866 Τῆν
386 3780 423 3846 δὲ
433 3779 548 3865 ἑτέραν
560 3785 782 3871 ἐχθραίνομεν
795 3836 802 3851 .
817 3837 824 3853 .
838 3838 845 3853 .
860 3784 968 3869 ὄνομα
984 3785 1021 3853 δὲ
1035 3785 1090 3852 καὶ
1104 3782 1226 3869 ταύτης
1240 3783 1330 3852 ἐστὶν

306 3951 308 3956 ’
382 3953 402 4020 ¹)
421 3972 446 4009 v.
463 3970 546 4022 supra
563 3971 591 4023 p.
609 3958 690 4022 blsq.
721 3955 756 4008 cl.
775 3957 841 4010 Tab.
861 3959 893 4010 32
912 3964 938 4010 et
956 3955 1039 4010 totius
1058 3956 1179 4023 picturae
1198 3972 1214 4010 e
1232 3957 1330 4012 cebete

295 4038 446 4107 descriptae
463 4043 691 4111 compositionem
712 4043 790 4098 facile
808 4045 943 4099 inducaris
963 4051 992 4097 ut
1005 4043 1136 4097 Tabulam
1156 4044 1272 4110 Philoni,
1290 4045 1329 4098 vel

294 4125 415 4179 Philonis
432 4127 519 4182 locum
538 4129 628 4184 (lebeti
645 4131 718 4187 dicas
737 4133 905 4188 obversatum
924 4145 988 4185 esse.
