3124 4870
735 337 771 344 --
821 306 946 362 γρ..

323 472 385 538 VII
410 478 467 537 111
484 509 533 550 ,-
550 474 822 555 commemoratur,
846 476 901 540 sed
924 477 1145 541 convenienter
1161 475 1200 537 ad
1223 476 1361 540 auctoris

323 585 479 650 rationem
502 605 520 650 a
543 587 685 652 doctrina
709 593 740 652 et
763 594 909 653 accurate
932 593 1091 653 exstructa
1118 588 1282 668 disciplina
1306 587 1361 649 ab·

324 697 504 764 horrentem
525 717 607 780 quae
630 706 696 764 tum
719 700 912 780 philosophis
930 702 1113 782 plerumque
1135 700 1168 763 in
1191 718 1245 764 ore
1268 704 1361 763 erant

322 811 472 876 vitiorum
495 816 527 875 et
548 812 822 892 perturbationum
854 813 981 876 nomina
1014 813 1099 876 nullo
1132 817 1218 876 certo
1251 811 1361 875 ordine

324 927 449 988 servato
477 928 691 1002 congeruntur
705 925 891 1005 variumque
912 925 944 987 in
968 924 1094 988 modum
1110 924 1197 988 varie
1220 923 1304 986 inter
1327 941 1361 987 se

324 1034 566 1112 coniunguntur.
623 1035 725 1114 Qarid?
759 1035 841 1116 quod
876 1040 949 1116 263
984 1034 1164 1116 affectibus,
1200 1037 1254 1116 qui
1286 1042 1362 1100 sunt

325 1147 443 1222 luctuS,
467 1164 602 1226 maeror,
626 1146 885 1229 intemperantia,
908 1148 1055 1227 avaritia,
1080 1148 1263 1228 adiungitur
1284 1166 1362 1229 pau·

325 1261 433 1339 pertas
455 1263 487 1321 ot
511 1262 585 1338 27‚4
616 1259 726 1348 simili
745 1259 1019 1338 perturbationum
1051 1260 1281 1324 enumerationi
1310 1261 1359 1324 in·

326 1371 443 1434 seritur
465 1371 548 1434 mala
567 1369 661 1436 lama.
702 1371 738 1435 ld
759 1372 842 1451 quod
858 1390 895 1436 eo
921 1372 1021 1451 magis
1045 1372 1180 1451 mireris,
1204 1372 1277 1453 quia
1292 1377 1361 1437 toto

325 1481 431 1547 libello
447 1487 665 1562 paupertatem
680 1486 824 1547 vetamur
839 1484 870 1546 in
887 1484 978 1547 malis
991 1485 1116 1562 ducere,
1136 1484 1240 1564 priore
1255 1491 1361 1548 autem

325 1594 379 1657 illo
402 1595 470 1658 loco
494 1594 594 1659 Cebes
617 1595 695 1658 dioit
721 1613 807 1674 eum,
840 1597 893 1677 qui
916 1597 956 1658 ad
977 1595 1142 1674 virtutem,
1172 1597 1362 1676 pervenerit,

326 1724 390 1770 non
408 1705 531 1770 turbari
554 1699 631 1770 οὔτε
653 1697 719 1771 ὑπὸ
743 1700 868 1788 ὀδύνης
887 1701 963 1772 οὕτε
982 1699 1048 1771 ὑπὸ
1071 1702 1177 1788 λύπης
1200 1700 1277 1771 οὔτε
1295 1698 1361 1772 ὑπὸ

326 1811 485 1901 ἀκρασίας
508 1812 584 1883 οὔτε
607 1810 672 1883 ὑπὸ
696 1823 917 1902 φιλαργυρίας
945 1813 1021 1884 οὔτε
1043 1811 1109 1883 ὑπὸ
1132 1822 1246 1896 πενίας
1269 1814 1362 1884 οὔτε

325 1923 382 1995 ὑπ’
407 1925 527 1995 ἄλλον
549 1934 671 1995 κακοῦ
695 1923 844 2008 οὐδενός.
884 1931 1035 1995 Similiter
1051 1936 1134 2011 27,4,
1151 1931 1204 1995 ubi
1222 1949 1284 2010 eos
1307 1934 1362 2014 qui

325 2062 388 2107 non
410 2048 650 2123 perseverarunt
664 2044 832 2108 ascendere
855 2044 893 2108 ad
910 2044 1070 2124 virtutem,
1094 2044 1241 2107 dicuntur
1264 2044 1360 2108 comi-

326 2155 389 2220 tari
411 2157 513 2219 λῦπαι
543 2152 598 2218 καί
628 2147 749 2219 ὀδύναι
778 2153 833 2220 καὶ
861 2148 1003 2237 ἀθυμίαι
1032 2153 1087 2218 καὶ
1118 2147 1280 2232 ἀδοξίαι
1306 2153 1362 2219 καὶ

326 2261 471 2350 ἄγνοιαι,
487 2267 626 2333 monenti
646 2267 778 2348 hospiti:
801 2263 909 2332 πάντα
923 2260 1007 2331 κακὰ
1022 2266 1126 2349 λέγεις
1148 2259 1262 2342 αὐτοῖς
1284 2259 1361 2332 oino-

326 2384 482 2459 λουθεϊν,
514 2379 591 2460 ipsis
622 2379 726 2444 verbis
759 2398 852 2444 senex
883 2379 1024 2446 concedit
1058 2381 1162 2444 omnia
1194 2382 1278 2444 mala
1310 2398 1363 2445 eos

327 2492 425 2574 sequi.
470 2492 571 2570 Quam
595 2491 797 2556 offensionem
819 2493 924 2574 aliqua
954 2512 991 2556 ex
1019 2499 1109 2573 parte
1136 2493 1182 2558 ita
1204 2493 1274 2558 tolli
1296 2494 1362 2557 exi-

327 2603 516 2684 stimaverls
539 2610 575 2669 ut
597 2604 682 2670 dicas
705 2609 921 2686 paupertatem
950 2611 982 2669 et
1004 2606 1118 2670 malam
1142 2604 1259 2669 famam
1282 2606 1365 2668 mala

328 2733 397 2780 esse
419 2715 475 2794 eis,
499 2717 551 2797 qui
575 2733 649 2782 vera
672 2716 847 2782 eruditione
869 2717 1007 2782 noudum
1030 2717 1094 2783 sint
1117 2717 1239 2798 imbuti,
1262 2734 1364 2797 neque

328 2830 410 2892 mala
433 2845 502 2892 esse
525 2826 666 2892 desinere
689 2829 750 2892 nisi
774 2829 831 2910 eis,
854 2829 908 2910 qui
931 2835 1014 2892 recte
1037 2828 1075 2891 de
1097 2829 1147 2892 bis
1162 2829 1257 2893 rebus
1280 2829 1363 2894 docti

328 2957 382 3005 eas
410 2945 609 3005 contemnere
638 2942 866 3005 consueverint.
912 2941 1062 3005 Attamen
1096 2941 1127 3004 in
1160 2959 1196 3005 eo
1230 2939 1363 3021 offendo,

328 3052 411 3135 quod
433 3054 482 3133 iis,
506 3071 586 3134 quae
609 3053 703 3117 etiam
727 3053 878 3134 sapientis
894 3053 1051 3118 sententia
1073 3054 1156 3117 mala
1171 3057 1246 3118 sunt
1268 3070 1363 3134 quae-

329 3167 443 3248 quein
467 3166 643 3246 sapientem
665 3165 776 3228 eadere
797 3183 860 3229 non
889 3171 1036 3244 possunt,
1067 3165 1208 3244 singulae
1230 3164 1290 3230 hae
1313 3184 1364 3230 res

328 3278 525 3358 inseruntur,
560 3295 641 3359 quae
674 3276 757 3341 mala
789 3277 850 3341 nisi
881 3277 920 3341 ab
952 3276 1085 3341 indoctis
1117 3294 1179 3341 non
1212 3282 1365 3358 putantur

327 3408 471 3472 quaeque
494 3389 589 3455 etiam
611 3389 747 3470 sapienti
769 3395 902 3471 possunt
929 3390 1101 3469 obtingere.
1147 3390 1253 3454 Faeile
1282 3408 1364 3454 com-

328 3521 483 3583 moveare,
506 3508 542 3567 ut
564 3508 733 3584 utrumque
748 3503 934 3568 vocabulum
957 3502 1175 3582 interpolatori
1198 3503 1363 3568 attribuas.

328 3614 482 3697 Equidem
517 3632 586 3678 oum
612 3614 763 3679 librorum
790 3616 928 3679 omnium
963 3633 1117 3680 consensu
1145 3613 1364 3694 defendantur,

329 3729 436 3792 malim
469 3727 606 3792 auctoris
640 3727 860 3806 neglegentiae
882 3745 919 3790 ea
945 3727 1123 3807 relinquere
1152 3726 1190 3791 de
1219 3733 1366 3793 accurata

330 3840 496 3921 disciplina
516 3857 580 3903 non
603 3839 753 3904 curantis.

416 3952 545 4033 Tamen,
558 3953 585 4017 si
595 3952 689 4032 paulo
705 3949 887 4032 diligentius
899 3950 1166 4032 inquisiverimus,
1182 3969 1245 4016 non
1257 3951 1366 4016 deesse

330 4064 407 4129 mihi
428 4065 585 4146 videntur,
609 4082 689 4145 quae
707 4065 892 4130 documento
914 4064 980 4129 sint
1003 4060 1116 4129 Stoicis
1132 4064 1270 4130 Tabulae
1292 4081 1363 4128 auo·
