3132 4874
758 201 972 264 ..16-

349 373 440 454 ginta
462 373 554 439 annis
578 378 672 440 natus
695 379 775 453 erat,
799 373 876 438 illud
891 389 971 455 opus
986 377 1095 438 notum
1118 391 1188 438 esse
1207 372 1415 456 potuerit.¹)

349 485 409 552 Sed
426 490 461 551 ut
476 487 611 553 testibus
627 487 690 553 illis
705 485 798 552 fidem
814 486 1000 566 derogemus
1015 484 1194 566 fabulisque
1212 503 1265 550 eos
1281 503 1413 551 suma-

349 617 418 664 mus
442 599 500 664 hac
523 599 556 664 in
579 619 613 665 re
636 599 798 679 delectari,
822 599 855 662 id
877 605 985 663 tamen
1001 603 1122 663 certum
1138 603 1186 664 est
1201 598 1303 678 Leges
1322 616 1411 663 esse

349 717 545 791 postremum
560 711 702 777 Platonis
725 729 803 793 opus
819 716 852 776 et
870 715 942 792 post
965 711 1073 793 libros,
1096 711 1150 791 qui
1173 712 1212 776 de
1226 711 1410 792 republica

351 822 578 903 inscribuntur,
603 828 742 889 extreme
757 823 896 889 auctoris
912 827 1015 889 aetate
1030 824 1063 888 in
1077 824 1179 889 lucem
1194 822 1408 906 prodiisse.²)

351 935 491 1001 Zellerus
515 954 585 1001 eam
608 940 786 1017 temporum
809 936 966 1001 rationem
990 936 1051 1000 sibi
1073 935 1202 1018 probari
1234 936 1330 1017 dicit,
1366 941 1409 1000 ut

352 1053 530 1112 statuamus
559 1047 656 1113 libros
687 1049 725 1113 de
755 1048 916 1129 republica
938 1047 1095 1129 perfectos
1119 1068 1189 1114 esse
1213 1049 1343 1113 circiter
1371 1069 1405 1114 a.

353 1165 538 1240 oro—3683
567 1162 662 1227 tertio
685 1161 798 1226 deinde
828 1162 942 1227 itinere
969 1161 1124 1227 Siciliensi
1155 1157 1294 1245 362l361
1328 1179 1408 1226 sus-

354 1278 446 1354 cepto
469 1274 632 1339 Platonem
661 1278 851 1339 commotum
875 1292 958 1353 esse,
986 1279 1023 1339 ut
1050 1275 1090 1339 de
1116 1274 1277 1354 republica
1301 1275 1407 1338 aliter

355 1392 451 1467 atque
481 1373 684 1464 institueret,¹
715 1403 873 1467 exponere
899 1386 1039 1451 animum
1067 1386 1241 1452 induceret.
1296 1385 1406 1451 Cuius

354 1499 610 1564 commutationis
638 1497 776 1563 fructum
800 1515 868 1562 esse
891 1498 988 1563 libros
1004 1499 1059 1581 qui
1075 1504 1150 1564 sunt
1171 1498 1210 1562 de
1231 1497 1406 1579 legibus.³)

355 1611 457 1687 Quam
481 1619 657 1694 temporum
681 1613 838 1678 rationem
862 1611 889 1676 si
905 1630 1082 1693 sequemur,
1106 1630 1169 1677 non
1186 1618 1261 1677 aute
1277 1629 1403 1676 annum

357 1742 385 1788 a.
419 1723 491 1789 Chr.
523 1742 553 1788 n.
588 1729 649 1789 355
683 1743 736 1791 eos
768 1725 870 1790 editos
900 1743 969 1790 esse
998 1744 1056 1807 pro
1085 1730 1172 1791 certo
1197 1725 1402 1791 habebimus.

357 1834 450 1900 Unde
466 1835 602 1901 efficitur
619 1836 776 1918 Cebetem,
801 1839 829 1903 si
844 1838 937 1903 huius
953 1839 1057 1919 operis
1073 1838 1134 1903 fuit
1156 1844 1276 1918 auctor,
1300 1839 1404 1902 maio·

358 1965 425 2011 rem
448 1953 526 2013 natu
550 1949 712 2029 octoginta
736 1951 827 2014 annis
857 1950 890 2014 id
919 1951 1147 2032 composuisse3
1179 1950 1262 2031 quod
1288 1968 1404 2032 quam·

359 2047 453 2142 quam
482 2063 716 2127 concedendum
740 2068 790 2128 ost
812 2062 880 2128 fieri
902 2064 1056 2145 potuisse,
1079 2070 1185 2129 tomen
1209 2065 1303 2128 nulla
1319 2065 1403 2128 veri-

360 2173 576 2239 similitudinis
600 2176 705 2258 specie
727 2175 917 2241 defenditur.
1319 2214 1326 2230 ·

447 2286 538 2351 Hanc
568 2285 786 2354 difficultatem
818 2307 855 2353 ex
887 2287 1114 2368 Tamesae
1142 2293 1284 2353 exortam
1307 2287 1401 2353 facile

361 2399 430 2462 tolli
447 2399 583 2480 putabet
597 2397 805 2480 Feurlinusl),
829 2401 857 2464 si
879 2403 1101 2480 statueremus
1126 2418 1187 2465 non
1211 2401 1252 2465 ad
1275 2405 1400 2466 senten·

362 2511 441 2576 tiam
457 2510 600 2578 Platonis
620 2510 736 2577 litteris
751 2511 946 2592 mandatam,
970 2514 1026 2578 sed
1048 2514 1088 2577 ad
1104 2513 1221 2578 dictum
1239 2514 1310 2578 viva
1325 2531 1400 2578 voce

363 2622 516 2688 traditum
549 2629 711 2689 auctorem
740 2641 935 2705 provocasse.
981 2625 1024 2689 At
1054 2626 1125 2706 quis
1156 2610 1215 2690 hoc
1243 2625 1303 2690 sibi
1331 2643 1400 2706 per-

364 2734 513 2815 suadeat,
537 2755 557 2800 a
582 2735 773 2816 Cebetem,
797 2754 879 2818 quae
902 2735 1049 2818 privatim
1074 2737 1106 2801 in
1131 2736 1238 2802 schola
1260 2738 1399 2803 Platonis

365 2846 506 2912 audisset
529 2865 672 2929 quaeque
695 2851 771 2913 nota
794 2866 856 2912 non
879 2853 985 2913 essent
1008 2849 1069 2914 nisi
1084 2849 1195 2931 paucis
1210 2849 1295 2915 illius
1311 2848 1399 2913 disci·

365 2959 458 3041 pulis,
484 2958 624 3040 allegata
645 2977 716 3024 esse
738 2960 772 3024 in
794 2961 876 3025 libro
898 2961 940 3025 ad
963 2979 1126 3026 commune
1142 2962 1292 3027 iudicium
1307 2980 1398 3042 popu-

365 3072 525 3153 laremque
539 3073 789 3153 intellegentiam
805 3074 1063 3139 accommodato?
1080 3075 1158 3138 Mihi
1170 3075 1295 3155 quidem
1308 3073 1397 3137 etiam

366 3191 435 3249 tum
459 3184 519 3250 hae
542 3185 807 3266 interpretatione
830 3185 881 3250 vix
905 3186 1065 3251 videretur
1087 3187 1238 3251 utendum
1265 3205 1345 3266 esse,
1372 3185 1395 3249 si

367 3298 529 3378 graviores
552 3304 653 3364 testes
676 3303 822 3364 vetarent
836 3298 990 3364 Tabulam
1007 3298 1115 3365 (lebeti
1132 3299 1292 3365 Socratico
1314 3299 1397 3362 ebro-

370 3412 543 3420 *-

456 3450 482 3518 1)
501 3450 604 3503 Certior
622 3465 665 3504 res
682 3457 765 3517 esset,
789 3451 811 3505 ai
830 3451 964 3507 Drosihno
990 3450 1084 3505 liceret
1109 3447 1247 3516 assentiri,
1274 3446 1326 3514 qui,
1342 3461 1395 3499 cum

369 3536 448 3590 Plato
465 3541 587 3590 mortuus
605 3542 652 3607 est,
670 3545 776 3591 eentum
793 3553 877 3592 annos
896 3538 954 3591 vult
973 3533 1035 3591 Oeb.
1053 3542 1144 3591 natum
1162 3534 1251 3589 fuisse.
1287 3532 1335 3587 Sed
1346 3533 1396 3588 eius

370 3621 626 3689 argumentationem
644 3621 777 3677 infirmam
795 3640 852 3679 esse
870 3639 953 3693 supra
970 3623 1091 3677 vidimus.

458 3708 483 3777 ²)
502 3708 535 3764 cf.
554 3708 655 3778 Zeller,
673 3707 716 3763 die
734 3709 803 3763 Phil.
822 3711 869 3764 der
888 3709 1020 3764 Gricchen
1038 3709 1065 3762 II
1085 3711 1113 3776 1,
1135 3723 1162 3773 p.
1181 3706 1247 3773 423,
1270 3707 1330 3774 los,
1350 3708 1392 3760 831

371 3796 432 3851 edit.
451 3797 502 3850 III.

460 3881 485 3952 ⁸)
503 3883 592 3939 Zeller
611 3883 639 3937 Π
658 3886 681 3952 1,
700 3899 728 3952 p.
746 3885 798 3939 468
816 3883 879 3938 edit.
898 3883 948 3939 111.

459 3965 484 4034 ⁴)
504 3969 536 4023 In
554 3969 741 4024 dissertatione
758 3986 784 4039 p.
805 3974 818 4023 1
839 3973 1051 4025 commemorata.
