3124 4870
1070 599 1142 666 apud
1161 599 1306 667 scriptores

1062 684 1172 753 Polybio
1191 686 1318 739 recentio-

1059 787 1101 826 res
1120 771 1220 840 (Diod,
1239 770 1318 836 Phil,

1067 857 1125 910 Dio.
1140 857 1210 924 Chr„
1223 857 1309 924 Plut.)

328 1077 480 1144 παρατηρῶ
500 1075 620 1130 insidiari

997 1210 999 1214 .
1092 1160 1287 1235 παρατήρησις

327 1242 471 1316 nectendo)

327 1335 487 1403 περίστασις

327 1413 423 1472 πυλών

328 1506 468 1573 συνομιλῶ

327 1605 470 1643 νοσοποιω

327 1675 432 1744 νίκημα

327 1756 453 1830 περιάγω
472 1763 535 1817 intr.

328 1849 673 1916 coiecertoquodammodo
711 1854 739 1912 -ἐ-

388 1972 436 2036 Ex
458 1971 508 2036 his
538 1973 635 2052 igitur
664 1973 797 2053 triginta
826 1972 927 2037 tribus
957 1973 1116 2037 vocabulis
1146 1972 1186 2035 ab
1218 1973 1339 2052 optima

303 2081 484 2148 Graecitate
514 2083 625 2147 alienis
657 2090 727 2148 octo
760 2084 843 2165 apud
876 2085 1044 2165 scriptores
1072 2089 1254 2164 occurrunt,
1284 2085 1339 2164 qui

301 2193 429 2258 fuerunt
456 2201 529 2258 ante
556 2196 735 2278 Polybium;
765 2195 944 2277 quindecim
976 2197 1058 2276 apud
1088 2196 1253 2280 Polybium
1284 2215 1338 2260 ex-

301 2313 398 2387 stant,
422 2308 555 2387 triginta
582 2307 643 2372 dno
673 2310 756 2390 apud
784 2309 954 2389 scriptores
977 2309 1107 2390 Polybio
1130 2311 1337 2388 recentiores3

302 2419 464 2484 duodecim
487 2438 526 2484 ex
548 2421 586 2485 iis
611 2440 672 2486 non
696 2428 771 2486 aute
786 2422 921 2502 primum
944 2439 971 2496 a.
990 2419 1062 2485 Chr.
1079 2440 1110 2486 n.
1130 2423 1179 2486 vel
1201 2423 1336 2502 primum

301 2538 373 2612 post
396 2530 467 2596 Chr.
492 2551 522 2596 u.
546 2536 713 2614 saeculnm,
737 2539 889 2615 qnantum
906 2553 963 2598 nos
978 2534 1140 2614 explorare
1162 2551 1337 2614 possumne,

301 2643 334 2706 in
356 2662 415 2708 usn
438 2643 575 2708 fuerunt.

388 2757 500 2836 ltaque
521 2756 579 2821 hac
608 2756 827 2838 disquisitione
854 2758 892 2822 de
921 2774 1064 2822 sermone
1087 2754 1226 2821 Tabulae
1250 2757 1339 2821 insti·

302 2871 374 2932 tuta
399 2886 436 2931 ea
460 2865 699 2947 confirmantur,
731 2886 811 2951 quae
840 2867 967 2949 supra¹)
994 2868 1032 2933 de
1059 2867 1184 2932 Pinacis
1211 2873 1339 2932 auctore

301 2980 392 3046 nobis
422 2979 519 3045 videri
548 2980 682 3062 professi
712 3000 829 3047 sumus.
876 2982 975 3058 Quem
1007 2982 1040 3044 in
1063 2997 1176 3044 'eorum
1203 2979 1340 3059 philoso-

302 3093 434 3172 phorum
451 3110 581 3156 numero
597 3091 693 3157 luisse
709 3093 864 3172 existimo,
884 3094 939 3173 qni
955 3091 1026 3156 inde
1042 3110 1061 3156 a
1077 3091 1219 3156 Panaetii
1234 3095 1338 3154 aetate

298 3204 334 3290 'in
357 3205 468 3268 morali
491 3203 690 3284 philosophia
718 3205 758 3268 ad
786 3222 981 3269 communem
1012 3202 1258 3282 intellegentiam
1286 3218 1337 3264 ao·

302 3315 496 3380 commodate
515 3316 699 3396 exponenda
718 3334 828 3379 curam
848 3317 1050 3380 collocarunt.
1096 3313 1339 3395 augustioribus

302 3427 396 3491 etiam
420 3425 535 3490 finibus
551 3428 688 3492 auctoris
704 3431 841 3491 aetatem
857 3433 889 3492 et
910 3433 1040 3509 propter
1062 3425 1231 3506 allegoriae
1246 3441 1338 3488 usum

302 3556 371 3601 cum
394 3538 536 3603 Philonis
566 3545 598 3603 ot
627 3539 736 3604 Dionis
767 3537 983 3621 chrysostomi
1014 3537 1239 3603 cousuetudine
1266 3553 1339 3601 con·

302 3650 480 3715 venientem
510 3656 542 3715 et
571 3656 699 3732 propter
730 3650 895 3716 verborum
925 3649 1146 3731 supellectilem
1171 3647 1337 3713 Plutarcho

302 3761 433 3841 eiusque
462 3762 648 3842 aequalibus
680 3762 873 3827 simillimam
902 3761 948 3827 ita
976 3761 1048 3826 licet
1071 3759 1337 3837 circumscribere,

303 3878 339 3937 nt
360 3873 461 3954 primo
483 3893 513 3956 p.
538 3872 609 3938 Chr.
632 3893 662 3938 n.
687 3873 811 3938 saeculo
833 3891 904 3937 eum
927 3873 1026 3937 fnisse
1049 3875 1235 3936 statuamus.

301 3976 474 3986 —-——-—-

391 4009 413 4074 ¹)
430 4025 456 4074 p.
476 4009 509 4061 82
527 4023 579 4076 sq.;
600 4025 626 4076 p.
645 4009 703 4060 104.
