3132 4874
635 339 849 398 „59-

223 511 348 575 marinii
372 508 515 588 fecisset,
547 507 645 573 Stoici
667 507 944 588 01100001110010
966 506 1146 571 laudassent
1160 505 1257 585 (Plut.

222 623 258 687 de
280 628 384 705 tranq.
409 638 461 686 on.
485 638 516 701 p.
536 621 650 701 122).¹)
694 621 789 686 Mitto
811 625 979 686 admonere
1002 620 1041 684 de
1063 619 1117 683 illo
1140 624 1259 699 septem

221 735 456 816 disciplinarum
472 733 558 812 orbe,
582 733 721 815 quicum
738 733 908 797 Alexandri
923 733 1047 796 demum
1066 729 1259 811 temporibus

221 849 412 913 constitutus
444 847 488 912 sit
519 848 598 912 satis
629 845 770 912 declarat
803 845 949 910 Pinacem
981 844 1120 910 Socratis
1154 847 1260 907 aetate

221 978 284 1024 non
313 976 384 1024 esse
413 958 636 1038 compositum:
672 958 704 1022 id
733 960 833 1023 teneri
866 959 952 1037 volo,
988 956 1135 1022 Cebetem
1159 972 1260 1035 neque

221 1079 420 1136 contemnere
442 1071 640 1136 dialecticam
663 1078 826 1135 ceterasve
846 1071 917 1133 illas
940 1070 1136 1150 disciplinas,
1160 1084 1260 1148 neque

222 1202 260 1248 ne
282 1184 320 1247 iis
344 1201 471 1264 operam
494 1183 604 1248 demus
621 1181 763 1261 suadere,
787 1182 842 1246 sed
865 1182 899 1246 id
913 1182 1044 1258 hortari,
1067 1198 1108 1243 ne
1130 1180 1260 1244 nimium

221 1297 253 1360 in
276 1295 315 1359 iis
337 1296 475 1360 studium
499 1311 721 1360 consumamus
744 1312 823 1359 neve
852 1295 890 1359 iis
913 1295 1063 1359 virtutem
1092 1307 1261 1372 veramque

221 1408 426 1472 eruditionem
445 1409 612 1489 opinemur
627 1407 742 1488 parari.
781 1406 851 1472 Hoc
872 1412 979 1474 autem
994 1406 1109 1472 Stoicis
1125 1404 1261 1470 alienum

221 1541 282 1587 non
305 1521 476 1586 0000111110
499 1521 714 1586 ostendemus.

307 1635 429 1700 Deinde
451 1635 534 1717 quod
559 1635 599 1698 de
615 1632 746 1698 Socrate
768 1632 817 1696 illi
834 1633 1016 1713 admonent,
1038 1633 1095 1713 qui
1110 1632 1187 1698 item
1200 1649 1264 1696 sec—

223 1747 377 1811 tatoribus
401 1747 465 1811 suis
490 1745 707 1826 imperaverit,
732 1763 771 1808 ne
794 1745 884 1809 nimii
907 1750 1015 1810 essent
1038 1745 1071 1808 in
1095 1746 1267 1826 geometria

225 1859 457 1926 astronomicae
480 1855 681 1940 discendisl),
714 1856 814 1924 uetes
844 1859 878 1922 in
899 1856 1018 1923 iudicio
1041 1857 1079 1922 de
1102 1860 1152 1924 his
1173 1858 1268 1925 rebus

224 1971 364 2038 iaciendo
388 1973 531 2054 sequitur
553 1989 694 2037 normam
719 1990 737 2036 0
758 1971 887 2037 Socrate
901 1971 996 2051 plane
1013 1972 1178 2038 diversam.
1209 1973 1266 2039 So·

225 2093 324 2152 crates
348 2087 493 2151 enimes
516 2085 580 2150 illis
603 2084 726 2150 artibus
750 2102 797 2164 ea,
819 2102 900 2168 quae
923 2084 965 2148 ad
989 2087 1086 2150 vitam
1111 2086 1181 2149 usui
1203 2103 1266 2150 nou

225 2205 313 2278 sunt,
348 2218 367 2263 a
399 2199 556 2264 communi
586 2197 763 2262 eruditione
795 2204 901 2262 censet
931 2199 1123 2263 removenda
1157 2196 1265 2278 esse³).

227 2312 359 2378 Utilitas
374 2313 482 2392 igitur,
506 2329 567 2393 qua
582 2311 636 2374 illa
652 2316 726 2375 sunt
741 2310 896 2375 advitam
917 2311 1119 2390 cotidianam,
1142 2310 1267 2377 Socrati

227 2443 338 2489 norma
362 2429 410 2489 est
431 2423 601 2489 iudicandi.
639 2422 727 2501 Quae
749 2428 902 2505 quantum
917 2422 1003 2487 absit
1025 2424 1181 2489 aTabula
1197 2424 1266 2488 luce

226 2538 340 2602 clarius
369 2542 427 2603 est.
474 2535 573 2601 Cebes
601 2537 686 2600 enim
717 2536 976 2612 ψευδοπαιδείας
1003 2543 1176 2602 sectatores
1202 2554 1266 2601 non

229 2651 268 2716 ob
284 2649 317 2714 id
332 2648 543 2731 reprehendit,
567 2649 650 2731 quod
667 2655 790 2730 tempus
805 2653 913 2715 terant
927 2648 967 2711 iis
981 2648 1076 2713 rebus
1098 2648 1265 2728 discendis

226 2780 358 2845 quarum
381 2779 457 2826 usus
481 2778 542 2825 non
568 2759 619 2840 sit,
642 2778 744 2841 neque
766 2761 849 2842 quod
872 2776 981 2825 eorum
996 2761 1168 2840 cognitioni
1192 2778 1266 2842 ope-

227 2893 294 2939 ram
317 2874 402 2953 dent,
426 2889 507 2956 quae
529 2872 594 2938 sint
616 2889 712 2954 supra
734 2873 985 2952 intellegentiam
1007 2872 1186 2953 humanam,
1211 2874 1265 2940 sed

226 2986 301 3068 quia
323 2986 364 3051 iis
386 2985 482 3052 rebus
498 3003 604 3049 veram
627 2985 725 3049 animi
739 2983 948 3051 eruditionem
963 2991 1077 3068 putent
1099 2986 1265 3064 contineri,

226 3115 308 3180 quae
330 3098 372 3163 ad
394 3115 499 3163 mores
521 3098 721 3176 corrigendos
748 3097 827 3161 nihil
854 3096 1020 3162 conferant
1046 3115 1189 3180 quaeque
1211 3098 1266 3179 qui

228 3209 331 3274 sciunt
354 3228 416 3275 non
439 3210 542 3274 minus
564 3227 658 3290 quam
682 3210 777 3276 ceteri
804 3215 914 3276 errant
935 3210 974 3275 de
1004 3211 1097 3276 bonis
1120 3217 1152 3275 et
1174 3212 1265 3275 malis

230 3337 439 3402 perverseque
461 3326 493 3386 et
515 3322 650 3402 turpiter
672 3323 796 3386 vivunt:
818 3321 897 3386 Tab.
917 3326 966 3387 34.
1014 3322 1133 3388 Deinde
1155 3341 1193 3388 ea
1215 3323 1266 3388 111-

316 3510 336 3578 ¹)
355 3509 388 3562 ct.
407 3507 526 3564 Feurlin.
545 3525 570 3577 p.
589 3509 631 3562 do.

317 3595 339 3663 ²)
358 3595 481 3664 Xenoph.
499 3611 592 3649 comm.
610 3597 666 3664 t,t;
684 3594 717 3651 cl.
737 3599 788 3665 1,1,
807 3599 917 3652 11-16.

318 3681 339 3749 ³)
357 3682 426 3736 Xen.
443 3697 537 3738 comm.
556 3684 582 3749 4,
594 3684 649 3751 tp:
668 3684 841 3752 ramuscolos
853 3681 933 3754 μέχρι
945 3681 998 3754 μὲν
1008 3678 1113 3738 τούτου
1133 3679 1191 3750 ἔφη
1204 3683 1266 3736 δεῖν

228 3763 399 3836 μανθάνειν,
419 3763 471 3830 ἕως
489 3761 589 3828 inertis
606 3784 648 3830 rte
666 3764 792 3836 γένοιτο,
819 3769 931 3823 εἴποτε
950 3761 1076 3838 δεήσειε,
1100 3769 1153 3837 γῆν
1176 3764 1266 3840 μέτρῳ

228 3843 324 3920 ὀρθῶς
347 3844 365 3919 ἢ
391 3853 567 3922 παραλαβεῖν
585 3843 602 3920 ἢ
621 3854 805 3922 παραδοῦναι
828 3846 846 3924 ἢ
872 3856 1018 3921 διανεῖμαι
1042 3845 1059 3923 ἦ
1085 3849 1169 3922 ἔργον
1194 3844 1266 3908 ἄπο-

230 3937 455 4003 delectoribus
474 3937 539 3992 ibid.
557 3941 586 3992 3:
614 3929 667 4006 5,οι
689 3938 743 4006 μὲν
768 3933 821 4008 γὰρ
847 3931 972 4008 ὠφελοίη
998 3940 1101 4006 ταῦτα,
1127 3929 1180 3991 oria
1208 3935 1266 4009 ἔφη

228 4015 301 4122 ρράν
403 4025 432 4078 5:
460 4015 601 4092 ὠφέλειαν
623 4020 676 4094 μὲν
699 4019 752 4093 γὰρ
770 4016 911 4097 obreptus
936 4015 997 4082 οὐδ’
1022 4018 1053 4080 ἔν
1075 4017 1188 4088 τούτοις
1211 4021 1267 4096 ἔφη

228 4129 307 4179 οραν.
