3124 4870
748 352 962 420 ..6ςῦ

335 535 492 601 tissimum
524 533 720 615 propositum
754 530 918 610 habuisse,
951 535 987 594 ut
1019 529 1201 596 ostenderet
1231 527 1373 592 homines

335 667 418 714 vana
441 647 589 729 opinione
611 645 779 711 obstrictos
801 663 909 708 earum
933 661 1037 707 rerum
1056 643 1238 724 pierumque
1260 647 1374 722 putare

336 779 370 827 se
394 761 557 826 scientiam
580 764 740 822 assecutos
762 773 847 836 esse,
877 755 1051 836 dequibus
1073 755 1258 835 ignorarent
1280 753 1373 833 (Xen.

336 893 447 940 comm.
465 879 495 953 3,
512 877 541 950 9,
558 877 592 950 6;
615 871 696 935 Plut.
715 870 796 950 apol.
815 869 900 948 2ld3
925 873 991 933 29a
1005 887 1062 950 sq„
1080 873 1158 946 33c;
1178 865 1250 949 Lys.
1269 865 1373 944 218b3

336 986 436 1050 Alcib.
462 980 578 1064 nuo).
624 984 673 1047 Ex
696 983 754 1047 hac
776 983 860 1046 inter
883 981 1043 1046 Socratem
1071 983 1104 1044 et
1127 977 1273 1044 Cebetem
1301 995 1375 1042 con·

337 1098 484 1163 sensiono
514 1114 554 1160 ue
582 1095 656 1177 quid
684 1095 722 1158 de
749 1093 891 1158 Tabulae
919 1093 1039 1174 origine
1067 1090 1274 1172 colligendum
1304 1107 1374 1153 esse

338 1210 508 1289 existimes,
531 1209 741 1273 recentiorum
764 1207 848 1272 locos
870 1204 1023 1288 quosdam
1046 1203 1236 1283 transcribo,
1258 1201 1374 1285 quibus

336 1322 415 1387 illud
439 1321 579 1387 Socratis
602 1320 731 1385 minimo
757 1318 918 1400 proprium
946 1317 1044 1382 fuisse
1073 1314 1236 1380 efficiatur.
1282 1313 1374 1394 Apud

341 1435 475 1500 Dionem
492 1432 751 1516 chrysostomum
767 1450 810 1496 or.
830 1435 867 1494 11
890 1450 919 1512 p.
939 1434 999 1494 178
1015 1429 1109 1494 Diod.
1124 1427 1202 1493 haec
1224 1429 1374 1510 legimus:

338 1539 565 1630 ἀμαθέστατοι
596 1540 689 1621 ὄντες
716 1537 1034 1627 πολυμαθεστάτους
1056 1534 1195 1616 ἑαυτούς
1220 1544 1374 1624 νομίζου-

338 1677 421 1724 σιν.
447 1654 634 1725 ..τούτου
662 1655 698 1722 ot
730 1653 835 1739 μηδὲν
864 1651 950 1720 εἶναι
980 1650 1112 1737 νόσημα
1145 1649 1373 1738 χαλεπώτερον

338 1767 418 1856 μήτε
441 1769 492 1836 ἑνὶ
513 1766 593 1855 μήτε
618 1775 762 1850 πολλοῖς,
785 1761 806 1854 ἢ
830 1763 911 1833 ὅταν
933 1792 982 1843 τις
1005 1760 1137 1850 ἀμαθὴς
1158 1759 1207 1831 o'r'o
1223 1762 1374 1851 σοφώτα-

337 1908 398 1950 τον
421 1878 542 1949 ἑαυτὸν
564 1886 681 1967 νομίζῃ
694 1899 702 1916 ·
714 1875 793 1957 τούς
815 1875 880 1965 γὰρ
900 1875 1076 1956 τοιούτους
1097 1882 1165 1944 τῶν
1181 1873 1375 1963 ἀνθρώπων

338 1996 502 2079 μηδέποτε
529 1991 698 2061 δύνασθαι
729 1996 787 2078 τῆς
813 1987 951 2077 ἀγνοίας
977 1985 1191 2076 ἀπολυθῆναι
1214 1991 1275 2074 (Of.
1298 1992 1375 2058 Tab.

339 2115 426 2192 35,2:
445 2103 673 2191 ἀκινητότεροι
689 2100 709 2191 ἢ
730 2104 998 2189 θοσμαθέστεροί
1009 2108 1088 2184 τίσις
1114 2111 1203 2187 35,3:
1217 2153 1224 2168 .
1239 2153 1246 2168 .
1260 2096 1375 2190 ἀκινή-

338 2245 417 2299 τους
440 2215 563 2297 αύτούς
585 2215 714 2304 ἀνάγκη
737 2215 823 2285 εἶναι
841 2214 924 2302 πρὸς
939 2212 976 2284 τὸ
994 2211 1103 2302 ὁρμᾶν
1117 2212 1200 2301 πρὸς
1217 2212 1279 2302 τὴν
1294 2212 1375 2299 ἀλη-

338 2327 444 2416 θινὴν
465 2332 643 2411 παιδείαν).
682 2327 728 2397 Id.
753 2352 798 2398 or.
826 2339 865 2397 10
888 2352 917 2414 p.
942 2336 1002 2397 166
1026 2332 1124 2397 Dind:
1149 2326 1223 2396 ὅσοι
1245 2324 1310 2414 γὰρ
1333 2323 1376 2396 ἀν

339 2438 480 2528 ἀμαθεῖς
508 2440 602 2521 ὄντες
629 2447 792 2509 πεισθῶσι
821 2441 920 2526 σοφοὶ
942 2437 1042 2525 εἶναι,
1070 2429 1164 2507 οὗτοι
1181 2438 1268 2509 πολύ
1291 2445 1377 2508 εἰσιν

343 2550 543 2640 ἀθλιώτεροι
565 2559 634 2621 τῶν
656 2550 765 2620 ἀλλων
788 2547 954 2620 ἁπάντων.
999 2555 1118 2620 Eodem
1146 2557 1306 2638 pertinent
1328 2575 1375 2638 ea,

340 2670 456 2749 quibus
480 2669 597 2735 Seneca
619 2669 755 2751 castigat
777 2667 921 2733 homines
944 2668 1122 2734 liberalium
1145 2671 1260 2734 artium
1282 2671 1377 2735 nimis

341 2782 500 2847 studiosos
517 2780 578 2864 (ep.
596 2781 728 2863 88‚37):
752 2780 854 2858 Quid?
878 2782 960 2863 quod
982 2782 1045 2846 ista
1067 2782 1246 2847 liberalium
1261 2783 1377 2846 artium

339 2896 529 2960 consectatio
557 2896 721 2975 molestos,
749 2894 913 2974 verbosos,
941 2896 1193 2976 intempestivos,
1224 2894 1284 2958 sibi
1311 2895 1378 2976 pla·

340 3012 446 3072 centes
468 3007 545 3073 facit
567 3014 600 3072 et
621 3007 693 3074 ideo
716 3027 778 3072 uon
795 3007 949 3073 discentes
965 3008 1150 3087 necessaria,
1175 3007 1250 3090 quia
1266 3025 1375 3088 super-

340 3138 479 3185 vacanea
500 3121 686 3186 didicerunt.

723 3371 753 3438 b.
777 3373 830 3438 De
851 3373 971 3440 vitiis.

428 3535 570 3602 Primum
593 3536 759 3602 dicendum
782 3543 830 3602 ost
853 3537 891 3602 de
913 3538 1102 3619 iusipientia
1113 3538 1148 3623 ¹),
1172 3558 1251 3624 quac
1273 3541 1379 3623 aenig-

340 3653 427 3715 mate
448 3649 514 3731 illo‚
538 3650 622 3731 quod
639 3649 819 3716 hominibus
834 3651 983 3731 proponit
999 3654 1043 3732 (3,
1058 3651 1100 3733 2),
1124 3653 1175 3735 iis,
1191 3655 1245 3736 qui
1267 3653 1299 3718 id
1315 3672 1378 3720 non

430 3863 452 3933 ¹)
470 3854 623 3932 ἀφροσύνη
643 3879 803 3932 quamquam
821 3863 900 3918 etiam
918 3864 946 3917 in
966 3865 1053 3920 causis
1074 3865 1225 3921 vitiositatis
1243 3869 1379 3922 numerari

340 3958 462 4020 poterat,
484 3957 571 4005 tamen
589 3951 635 4006 hic
652 3951 717 4004 mibi
734 3951 839 4004 videtur
856 3952 1083 4006 commemoranda
1101 3968 1170 4022 erse,
1194 3955 1264 4023 quod
1281 3955 1379 4023 ubique

340 4038 368 4090 in
386 4037 510 4090 vitiorum
528 4038 728 4093 enumeratione
746 4038 802 4093 eius
819 4036 851 4091 fit
869 4039 968 4092 mentio
987 4045 1013 4092 et
1028 4029 1180 4110 ἀφροσύνη
1199 4058 1232 4096 ex
1250 4049 1379 4110 quattuor

341 4122 394 4178 illis
411 4124 556 4179 virtutibus
573 4124 607 4194 ci,
625 4141 693 4194 quae
712 4119 850 4194 φρόνησις
867 4125 1027 4194 nominatur,
1044 4127 1112 4182 solet
1130 4129 1236 4198 opponi.
