3124 4870
702 327 915 388 ..74-

291 501 386 576 atque
408 498 561 564 medicum
577 500 667 581 fungi
689 501 859 566 sescenties
882 505 1079 565 monuerunt.
1124 498 1226 576 Quam
1244 500 1324 563 ima-

292 608 397 688 ginem
420 610 559 677 Zellerus
589 613 811 679 animadvertit
842 632 896 679 eos
925 612 1125 694 potissimum
1152 611 1324 692 adamasse,

292 722 345 802 qui
367 722 439 788 inde
462 741 479 787 a
495 725 595 804 primo
612 744 640 790 a.
658 724 731 790 Chr.
750 744 779 789 n.
796 726 919 789 saeculo
935 725 968 789 in
984 725 1094 789 morali
1108 722 1325 804 philosophiae

290 839 380 914 parte
402 835 592 902 illustranda
615 855 742 919 operam
764 840 946 917 posuerunt.
960 833 987 918 ¹)

377 945 531 1012 Altiorem
561 949 655 1014 etiam
671 967 755 1013 ¹eum
785 949 834 1014 his
866 947 1059 1029 philosophia
1089 946 1325 1012 consensionem

292 1072 470 1138 cognosces,
493 1059 548 1125 ubi
570 1060 753 1141 diligentius
775 1060 868 1141 paulo
892 1060 924 1123 in
948 1076 984 1122 ea
1007 1059 1222 1141 inquisiveriS,
1246 1051 1326 1138 quae

295 1173 363 1248 19,1
399 1178 597 1251 exponuntur
626 1172 663 1236 de
694 1173 817 1236 ratione
847 1189 961 1236 avena
983 1169 1169 1235 Eruditione
1194 1171 1228 1234 in
1250 1187 1325 1250 pur-

294 1280 406 1359 gandis
418 1281 578 1347 hominum
590 1284 703 1347 animis
719 1282 867 1348 adhibita.
891 1284 937 1349 Ut
947 1286 1030 1348 enim
1040 1283 1178 1347 medicus
1190 1281 1327 1362 primum

292 1391 393 1457 morbi
417 1410 525 1458 causas
542 1400 676 1474 amovet,
700 1395 813 1459 deinde
835 1396 867 1458 in
890 1396 1004 1459 bonam
1027 1392 1236 1459 valetudinem
1260 1409 1327 1454 cor-

292 1522 369 1584 pora
383 1507 534 1585 restituit,
551 1507 596 1572 sic
611 1507 776 1589 disciplina
788 1508 924 1590 primum
939 1526 1037 1588 error,
1055 1507 1201 1572 vitiorum
1219 1521 1325 1583 eausa,

225 1647 230 1653 ·
293 1634 433 1698 quaeque
463 1637 500 1682 ex
529 1621 582 1685 illo
612 1618 770 1685 fluxerunt
798 1620 875 1685 vitia
904 1626 1120 1700 removentur,
1152 1616 1264 1680 deinde
1286 1613 1326 1678 ad

293 1729 426 1794 virtutes
450 1732 548 1797 animi
570 1733 793 1812 perducuntur.
825 1731 984 1813 Bipartita
1003 1732 1111 1810 igitur,
1134 1735 1170 1794 ut
1186 1727 1327 1810 corporis

294 1841 430 1921 sanatio,
465 1843 511 1908 sio
545 1845 642 1908 animi
682 1846 832 1909 correctio
863 1861 933 1909 esse
963 1842 1160 1922 perhibetur:
1191 1841 1327 1922 primum

293 1954 440 2018 vitiorum
474 1974 584 2021 causas
615 1957 786 2036 tollendas,
818 1956 929 2020 deinde
961 1957 1110 2021 virtutem
1133 1951 1327 2019 efficiendam

294 2083 361 2130 esse
385 2064 547 2149 (cf.19‚2:
572 2064 736 2151 πρότερον
759 2106 800 2115 -
824 2061 908 2147 εἵως
934 2075 1020 2148 19,4;
1048 2062 1136 2143 ὅπως
1159 2061 1328 2147 ἐκκαθάρῃ

293 2180 516 2260 πρῶτον...).
564 2181 641 2246 Cum
674 2181 721 2246 his
754 2181 860 2246 confer
891 2180 1032 2244 Philonis
1061 2179 1216 2244 Larissaei
1244 2177 1329 2258 frag-

294 2296 445 2371 mentum,
462 2292 545 2374 quod
562 2294 687 2359 exhibet
699 2294 885 2358 Mullachius
901 2295 932 2358 Π
947 2313 977 2374 p.
996 2299 1050 2357 55:
1074 2283 1118 2367 ὡς
1132 2284 1196 2374 γὰρ
1211 2290 1329 2371 ἰατροῦ

294 2396 393 2467 ...τὸ
421 2399 602 2487 προσάγειν
626 2403 693 2471 ἐστὶ
716 2399 756 2471 τὰ
779 2403 840 2490 μὲν
862 2400 1104 2489 θεραπευτικοί,
1126 2397 1167 2468 τὰ
1194 2402 1255 2486 μὲν
1282 2406 1328 2491 τῷ

296 2520 534 2600 προεκκομίσαι
546 2512 585 2583 τὰ
601 2513 765 2584 νοσοποιά
780 2522 848 2585 τῶν
863 2522 990 2600 αἰτιῶν,
1005 2512 1046 2583 τὰ
1058 2515 1095 2583 δὲ
1110 2519 1155 2606 τῷ
1167 2509 1208 2580 τὰ
1223 2538 1327 2598 παρα-

296 2623 493 2694 exacuetur&
516 2633 573 2715 τῆς
600 2623 726 2715 ὑγιείας
760 2631 924 2714 ἐνθεῖναι,
956 2626 1061 2706 οὕτως
1090 2617 1133 2694 αὖ
1164 2621 1244 2694 κάπὶ
1272 2630 1330 2712 τῆς

296 2737 473 2826 ἐπιστήμης
492 2746 556 2827 ἔχει
569 2794 576 2809 .
591 2795 599 2809 .
613 2794 621 2810 .
634 2739 670 2810 τὸ
696 2742 756 2827 μὲν
771 2739 835 2830 γὰρ
850 2736 1100 2826 ὑπεξαιρετικὸν
1115 2744 1183 2808 τῶν
1198 2741 1330 2818 ψευδῶς

297 2953 470 2964 ᾖ*

384 3083 404 3150 1)
423 3084 462 3138 Cf.
481 3084 568 3139 Zeller
587 3086 614 3139 II
633 3090 656 3155 1,
675 3103 701 3154 p.
721 3089 780 3154 285,
799 3086 839 3139 ΙΙΙ
857 3085 922 3152 655;
942 3085 1040 3153 524,1;
1064 3084 1158 3150 alna.
1193 3080 1244 3134 Illa
1262 3097 1331 3134 mor·

296 3168 390 3222 borum
411 3177 436 3224 et
455 3171 666 3227 imbecillitatum
684 3173 765 3227 animi
783 3172 918 3226 distinctio
932 3169 1123 3225 Wellmannius
1142 3166 1170 3233 tl.
1189 3167 1205 3220 l.
1225 3183 1251 3234 p.
1269 3168 1330 3234 455)

296 3254 399 3308 dubitat
425 3272 460 3310 an
487 3258 537 3326 ipsi
562 3259 664 3314 Zenoni
690 3258 832 3312 tribuenda
856 3258 899 3312 sit.
935 3254 1106 3324 Comparatio
1132 3251 1285 3322 philosophi
1304 3261 1331 3307 et

296 3339 391 3394 medici
409 3343 479 3410 apud
498 3345 657 3400 recentiores
672 3345 756 3411 magia
772 3343 911 3412 magisque
927 3341 1067 3397 increbuit.
1109 3341 1218 3394 Praeter
1230 3339 1332 3394 locosa

298 3424 403 3480 Zellero
423 3428 519 3483 allatos
544 3429 571 3483 hi
597 3431 661 3483 mihi
680 3431 858 3483 obvenerunt:
885 3428 972 3496 Epict.
991 3426 1052 3481 diss.
1071 3426 1113 3479 III
1131 3429 1179 3492 23,
1197 3429 1242 3492 30;
1261 3425 1331 3479 idem

296 3512 367 3579 apud
387 3513 460 3568 Stoh.
480 3517 553 3583 4,94;
577 3517 681 3570 Muson.
700 3533 762 3585 app.
781 3532 814 3569 ex
833 3514 889 3568 cod.
908 3515 983 3568 l'lor.
1005 3514 1047 3568 Jo.
1068 3514 1188 3567 Damaso.
1206 3512 1233 3565 in
1252 3512 1330 3565 Mein.

296 3598 360 3654 edit.
378 3600 452 3655 Stoh.
471 3601 510 3656 IV
528 3619 555 3671 p.
569 3605 629 3656 223.
664 3602 754 3658 Senec.
773 3617 814 3669 ep.
834 3604 896 3667 123;
915 3600 948 3654 de
966 3614 1048 3654 conat.
1067 3601 1181 3666 sap.13;
1201 3598 1234 3651 de
1252 3599 1293 3651 ira
1305 3598 1332 3650 11

300 3689 343 3752 103
363 3687 432 3740 Plnt.
454 3689 480 3742 d.
498 3690 558 3743 coh.
576 3691 617 3743 ira
634 3692 663 3757 2,
687 3705 712 3757 p.
732 3691 796 3755 4533
815 3688 877 3741 Dio.
896 3687 991 3756 Chrys.
1016 3701 1055 3739 or.
1074 3686 1107 3737 23
1126 3700 1152 3751 p.
1169 3687 1220 3738 308
1239 3683 1331 3751 Dind.;

297 3773 361 3826 ibid.
380 3790 418 3829 or.
437 3778 507 3844 2‘lp
535 3778 598 3842 529;
621 3792 658 3829 or.
684 3778 717 3830 33
735 3793 762 3844 p.
780 3777 805 3828 2.
835 3774 912 3840 Diog.
931 3789 972 3840 ep.
998 3774 1031 3825 28
1049 3788 1075 3837 p.
1094 3770 1256 3824 243Herch.
1292 3770 1333 3822 De

297 3860 433 3927 prioribus
450 3862 483 3915 cl.
502 3861 579 3930 Diog.
598 3861 688 3916 Laert.
707 3862 798 3930 1170,
822 3859 859 3913 VI
884 3861 915 3927 4,
941 3856 980 3910 VI
997 3858 1021 3909 6.
1059 3857 1150 3923 Longe
1171 3855 1293 3911 diversus
1310 3857 1333 3910 is

298 3946 374 4002 locus
392 3955 442 4017 est,
455 3949 488 4002 ad
501 3965 579 4018 quem
597 3949 750 4017 provocavit
763 3946 905 4001 Feurlinus
916 3961 942 4012 p.
956 3946 997 4011 52,
1014 3943 1082 3998 Xen.
1094 3959 1187 3996 comm.
1207 3947 1230 4012 1,
1249 3944 1274 4009 3,
1293 3945 1334 4010 13,

299 4033 345 4085 ubi
363 4033 396 4087 de
415 4034 543 4103 singulari
560 4035 674 4104 quodam
693 4034 772 4090 animi
790 4033 908 4100 vulnere,
926 4046 980 4085 uon
997 4029 1026 4082 de
1045 4029 1190 4084 vitiositate
1207 4036 1334 4097 tauquam

298 4117 379 4175 animi
397 4121 491 4175 morbo
510 4123 606 4190 agitur.
