3124 4870
686 327 923 387 -122-

374 487 451 565 ἕξις
473 489 704 569 significatione
725 493 888 558 facultatis
916 511 941 558 s.
965 493 1099 576 peritiae
1122 495 1205 576 apud
1222 494 1327 559 Plato·

287 617 360 664 nem
373 599 514 682 obvenit;
531 603 605 666 ilem
618 603 743 684 phrasis
755 599 825 682 ἕξιν
837 608 932 688 ἔχειν.
945 641 987 650 -
1000 603 1069 683 ἕξιν
1081 613 1327 688 περιποιεῖσθαι

288 711 389 790 (iot)
414 730 476 777 non
500 720 573 778 ante
597 714 769 781 Diodorum
792 717 917 782 videtur
940 717 1116 784 adhibitum
1141 736 1220 784 esse.

374 835 521 919 tadum
545 842 584 908 cf.
609 861 689 924 quae
712 864 809 927 supra
831 847 966 912 diximus
989 865 1019 928 p.
1045 851 1096 912 50.

375 969 613 1037 ἐπικατοιιιῶ
638 976 717 1039 alias
740 993 896 1057 nusquam
919 978 1085 1058 reperitur.

373 1100 592 1190 εὐπόρητος
614 1112 687 1176 libri
709 1114 864 1194 praebent
894 1119 975 1193 16‚5.
1022 1113 1081 1180 Sed
1110 1114 1169 1179 hoc
1190 1115 1325 1179 vocabu·

287 1221 351 1284 lum
376 1237 455 1299 eam,
479 1241 559 1303 quae
575 1223 625 1287 hic
641 1243 679 1287 ex
695 1226 871 1290 sententiae
886 1227 1008 1292 ratione
1024 1227 1205 1308 requiritur,
1228 1227 1326 1306 signi-

287 1329 465 1397 ficationem
489 1353 590 1416 neque
611 1336 708 1401 habet
730 1355 831 1419 neque
853 1339 971 1403 habere
994 1344 1113 1420 potest3
1142 1331 1327 1421 εὐπόρηιος

288 1443 447 1526 Hesychia
469 1451 551 1512 teste
575 1454 623 1513 est
646 1440 951 1525 increpatores.
997 1451 1065 1514 Hoc
1088 1452 1156 1516 loco
1172 1449 1326 1530 Schweig-

289 1553 460 1621 haeuscrus
483 1559 639 1639 probabili
656 1563 836 1626 coniectura
854 1568 1019 1627 assecutus
1043 1569 1093 1626 est
1116 1554 1327 1644 condonatos,

288 1668 371 1749 quod
402 1670 579 1736 Jerramius
611 1673 739 1753 recepit.
785 1673 902 1739 Exstat
933 1667 1135 1757 εὐπόρευιος
1166 1674 1250 1755 apud
1277 1691 1327 1738 ec·

288 1779 481 1847 clesiasticos
503 1783 683 1863 scriptores

377 1918 544 1997 (Vocabuli
564 1915 720 1997 εὔτακτος
743 1921 846 2004 [12,2;
874 1928 941 2002 16,1
959 1923 1096 1988 Parisini
1119 1914 1328 2002 εὐεκτούσας,

290 2033 339 2109 Μ,
364 2031 417 2108 qui
450 2031 539 2097 nihili
563 2031 725 2098 faciendus
749 2040 812 2114 est,
843 2027 1036 2117 εὐτάκτους]
1068 2053 1144 2099 usus
1173 2034 1213 2099 ab
1246 2035 1327 2098 anti·

290 2141 436 2221 quiorum
453 2146 676 2210 consuetudine
691 2164 753 2211 non
771 2147 929 2228 discrepat
952 2145 1004 2228 [cl.
1030 2147 1127 2212 Arist.
1151 2146 1232 2210 Nub.
1254 2151 1326 2224 964,

289 2254 343 2319 ubi
366 2255 397 2318 id
421 2236 586 2338 significat]
609 2260 694 2340 quod
717 2277 774 2325 nos
798 2259 931 2325 dicimus
959 2258 1163 2341 „sittsam“]).

377 2378 554 2466 εὐταξία;
579 2387 617 2454 cf.
641 2407 671 2470 p.
698 2394 737 2454 78
761 2408 807 2470 sq.

379 2515 569 2606 ἡδονικοί
593 2524 696 2606 (13,2)
716 2526 984 2608 ¹philosophorum
1014 2525 1152 2590 scholam
1181 2524 1330 2604 designat

290 2635 374 2715 apud
397 2636 596 2703 Athenaeum
620 2639 671 2718 (rie
693 2641 760 2704 vita
781 2639 936 2719 voluptati
959 2639 1065 2703 dedita
1086 2637 1219 2701 Aristot.
1243 2634 1328 2717 apud

291 2746 383 2828 Diog.
413 2747 518 2814 Laert.
544 2755 631 2830 5,31;
662 2751 701 2815 de
728 2751 781 2830 iis,
814 2768 895 2832 quac
926 2755 1049 2830 gratam
1082 2749 1203 2814 iaciunt
1229 2748 1328 2812 vitam

291 2856 455 2942 Chrysipp.
476 2860 574 2943 Tyan.
599 2882 650 2944 ap.
674 2864 819 2943 Athen.);
843 2861 882 2928 cf.
907 2881 1002 2943 supra
1025 2881 1054 2943 p.
1081 2866 1129 2926 ll.

377 3000 479 3075 ἴδιος
501 3001 583 3080 (1,1)
610 3008 660 3067 est
690 3002 898 3083 „singularis“
929 3001 1011 3083 apud
1039 3000 1244 3065 Aristotelem
1275 2998 1328 3080 (de

291 3127 362 3190 gen.
386 3113 481 3176 anim.
500 3117 518 3176 3
535 3131 559 3177 c.
588 3119 626 3178 10
650 3112 763 3194 med.);
787 3118 897 3194 postea
920 3114 979 3177 bac
1000 3113 1128 3177 notione
1151 3111 1326 3176 adhibitum

291 3227 340 3286 est
362 3243 381 3287 a
405 3224 552 3303 Diodoro,
575 3226 754 3291 Plutarcho.

376 3359 480 3443 θέμιι
513 3361 616 3444 (att)
662 3363 840 3444 depositum
878 3359 1036 3443 significat
1083 3360 1166 3440 apud
1204 3359 1327 3424 Plutar-

291 3470 394 3551 chum,
418 3473 506 3538 cuius
531 3475 634 3539 locum
651 3473 793 3539 Tabulae
816 3493 842 3539 c.
863 3479 937 3552 31,4
960 3473 1154 3538 simillimum
1177 3471 1327 3552 exscripsi

290 3602 321 3663 p.
345 3588 396 3649 48.

377 3710 526 3799 θύριον
558 3715 661 3799 (10,1)
700 3717 784 3800 apud
817 3715 1077 3797 Aristophanem,
1112 3713 1328 3796 Plutarchum,

291 3827 463 3894 Lucianum
487 3828 654 3896 invenitur.

376 3953 575 4040 καθάριος
604 3958 722 4042 (12,2);
756 3959 943 4024 Aristoteles
966 3957 1205 4037 antiquissimus
1235 3955 1328 4020 huius

292 4070 434 4138 vocabuli
467 4073 558 4139 testis
590 4078 648 4138 cst.
709 4071 855 4137 Occurrit
888 4074 1053 4152 praeterea
1083 4070 1166 4151 apud
1196 4068 1329 4134 Menan-
