3124 4870
723 351 932 410 „72-

312 521 370 585 bus
394 523 426 585 et
440 519 673 600 Cupiditatibus
688 519 850 600 finguntur
865 519 1007 586 homines
1024 520 1185 601 amplexae
1201 525 1232 584 et
1255 519 1351 584 dedu-

313 637 418 698 centes
442 633 479 697 αἱ
499 629 560 716 μὲν
583 634 629 709 εἰς
651 627 688 697 τὸ
709 627 883 712 σώζεσθαι,
907 633 944 696 αἱ
957 629 994 697 δὲ
1013 635 1059 708 εἰς
1073 625 1111 697 τὸ
1129 625 1348 698 ἀπόλλυσθαι.

313 745 505 810 Statuuntur
527 745 624 825 igitur
647 746 825 825 voluptates
848 744 1017 809 nonnullae
1040 746 1169 824 salutiS,
1194 764 1258 808 uon
1279 764 1350 826 per-

312 859 405 923 niciei
429 856 569 922 efficaces
592 858 699 939 itaque
721 875 784 921 non
800 859 833 921 in
848 857 941 922 malis
956 857 1178 921 numerandae.
1216 859 1253 923 ld
1268 859 1351 939 quod

313 990 382 1036 cum
406 989 442 1035 eo
465 989 528 1036 non
552 975 688 1053 pugnat,
717 969 800 1053 quod
823 989 841 1034 a
864 970 968 1036 Stoico
990 970 1175 1052 philosopho
1199 971 1351 1036 Tabulam

313 1085 516 1164 compositam
541 1101 607 1148 esse
630 1083 835 1164 suspicamur.
880 1083 991 1165 Neque
1013 1085 1096 1149 enim
1112 1085 1196 1149 inter
1219 1104 1254 1150 se
1277 1102 1351 1148 con-

313 1197 492 1264 sentiebant
514 1195 621 1276 Stoici,
646 1202 771 1261 essetne
787 1197 895 1277 utique
910 1197 1027 1260 malum
1043 1198 1196 1277 voluptas,
1220 1215 1353 1279 cumque

313 1309 405 1376 multi
427 1308 521 1391 plane
542 1327 611 1374 eam
635 1315 798 1374 censerent
822 1309 1009 1374 reiciendum
1034 1327 1111 1388 esse,
1136 1310 1190 1374 alii
1207 1316 1238 1374 et
1253 1311 1352 1374 bonas

314 1429 346 1488 et
368 1424 468 1488 malas
490 1425 669 1504 voluptates
692 1441 762 1489 esse
783 1421 974 1505 volebant.1)
1019 1424 1204 1488 Panaetium
1227 1424 1353 1506 quidem

314 1536 396 1602 Sext.
421 1536 539 1616 Empir.
563 1536 632 1600 adv.
656 1534 753 1600 math.
773 1535 818 1598 XI
836 1540 876 1600 73
899 1537 998 1601 tradit
1020 1537 1170 1601 statuisse
1192 1528 1267 1600 τινὰ
1292 1533 1353 1618 μὲν

312 1641 442 1732 ἡδονὴν
472 1640 555 1711 κατὰ
577 1642 683 1730 φύσιν
710 1639 887 1732 ὑπάρχειν,
920 1641 995 1713 τινὰ
1019 1645 1056 1712 δὲ
1078 1642 1167 1731 παρὰ
1199 1643 1314 1732 φύσιν.
1327 1645 1353 1729 ²)

315 1757 563 1842 cupiditatum³l
597 1778 616 1822 a
652 1760 765 1825 Stoicis
802 1763 918 1826 alteras
956 1761 1070 1842 bonas,
1104 1762 1219 1827 alteras
1254 1762 1354 1826 malas

314 1873 438 1938 habitas
461 1891 530 1938 esse
553 1891 706 1954 nusquam
729 1873 865 1938 invenio.
910 1874 1010 1937 Immo
1041 1874 1231 1955 cupiditates
1259 1892 1354 1955 quem

314 1988 449 2052 maxime
471 1985 636 2067 fugiendas
659 2004 727 2052 esse
750 1985 927 2052 Stoicorum
956 1986 1115 2051 sententia
1144 2004 1268 2066 omnes,
1300 1987 1354 2069 qui

315 2099 354 2165 de
385 2100 510 2166 illorum
544 2099 668 2181 placitis
707 2106 933 2180 exposuerunt,
965 2104 1064 2165 testes
1097 2105 1180 2164 sunt.
1235 2099 1354 2164 Tamen

315 2213 421 2278 nescio
439 2232 480 2279 an
495 2213 535 2279 ed
551 2213 688 2278 auctoris
707 2230 807 2294 genus
823 2211 979 2278 scribendi
993 2212 1032 2276 ab
1049 2215 1195 2276 accurata
1212 2210 1356 2275 doctrina

316 2327 488 2392 abhorrens
521 2324 698 2405 conveniat,
734 2329 770 2390 ut
804 2326 944 2390 Zellerus
978 2324 1123 2390 distinxit
1161 2326 1355 2405 voluptatem

253 2501 256 2510 .
315 2441 427 2504 latiore
450 2435 679 2517 significatione
694 2437 905 2520 accipiendam
923 2438 962 2503 ab
979 2456 1014 2502 ca
1030 2438 1201 2519 voluptate,
1226 2437 1355 2519 quaein

316 2551 478 2617 affectibus
500 2556 697 2632 numeratur,
731 2551 776 2615 sic
798 2551 856 2616 hoc
887 2552 954 2617 loco
986 2555 1127 2616 statuere
1151 2551 1354 2633 cupiditatem

316 2682 379 2726 non
403 2663 601 2728 affectionem
625 2663 722 2728 animi
745 2664 892 2729 vitiosam
915 2664 1155 2744 intellegendam
1187 2680 1269 2744 esse,
1301 2663 1356 2728 sed

317 2776 413 2841 latius
445 2783 554 2856 patere
587 2782 619 2841 et
652 2775 736 2842 idem
765 2776 831 2841 fere
854 2773 1031 2856 significare
1057 2775 1141 2858 quod
1168 2775 1355 2856 ,studium“.

404 3058 424 3126 1)
443 3058 470 3113 Si
488 3064 560 3113 recte
573 3057 766 3114 Wellmannius
778 3059 796 3114 1.
809 3060 827 3113 l.
841 3061 891 3114 449
900 3074 940 3128 sq.
958 3061 1051 3115 statuit
1064 3061 1192 3116 acriorem
1210 3061 1284 3116 illam
1297 3077 1357 3116 sen·

317 3146 428 3200 tentiam
446 3145 480 3199 iis
497 3143 591 3199 Stoicis
609 3144 757 3213 placuisse,
775 3145 821 3214 qui
842 3162 921 3214 quam
941 3147 1054 3202 maxime
1072 3163 1191 3216 pugnare
1213 3147 1359 3203 studebant

319 3249 379 3289 cum
399 3231 511 3300 Epicuri
534 3231 628 3286 schola
646 3231 783 3285 etiamtum
801 3231 996 3300 efflorescente,
1014 3235 1157 3290 imminutis
1168 3241 1256 3288 autem
1274 3233 1358 3287 inimi-

321 3319 391 3374 citiis
408 3317 570 3386 posteriores
585 3316 668 3372 fuisse
686 3318 807 3386 leniores,
825 3335 921 3374 novum
935 3320 1156 3388 deprehendimus
1173 3321 1306 3388 indicium,
1325 3335 1359 3374 ex

318 3421 371 3474 quo
390 3404 536 3460 recentiore
554 3409 641 3459 aetate
659 3403 790 3458 Tabulam
808 3407 987 3475 conscriptam
1005 3422 1063 3461 esse
1080 3407 1158 3461 liceat
1178 3407 1315 3476 suspicari.

406 3506 426 3576 ²)
445 3509 602 3563 Accuratius
614 3510 635 3563 si
646 3510 802 3579 inspexeris,
816 3511 936 3566 Panaetii
944 3513 1100 3568 sententiam
1114 3515 1149 3568 ab
1162 3512 1359 3582 antiquioribus

319 3593 415 3649 Stoicis
432 3610 486 3648 non
503 3595 655 3664 discrepare
673 3595 715 3648 his
733 3595 797 3651 dicit
816 3595 937 3650 Zellerus
956 3598 1007 3663 (III
1027 3602 1038 3651 1
1064 3616 1089 3667 p.
1109 3601 1160 3653 505
1179 3617 1204 3654 n.
1222 3600 1260 3664 dl:
1290 3615 1357 3666 „nur

318 3697 395 3736 menn
414 3696 474 3734 man
492 3687 571 3734 unter
589 3681 635 3735 der
653 3680 722 3736 Lust
740 3681 776 3734 im
794 3696 907 3748 engeren
926 3682 1006 3738 Sinne
1030 3683 1080 3737 den
1099 3685 1185 3740 Affect
1203 3685 1249 3738 der
1267 3673 1358 3754 ἡδονή

320 3767 449 3836 versteht,
466 3767 502 3822 ist
519 3766 566 3836 sie,
585 3767 633 3822 wie
648 3767 724 3835 Jeder
742 3767 841 3836 Affekt,
859 3769 1057 3835 naturuidrig“.

407 3869 430 3939 3)
450 3870 508 3939 Quo
527 3871 586 3926 loco
612 3871 709 3925 iterum
734 3871 851 3926 occurrit
877 3870 943 3925 illud
964 3865 1105 3942 ἐπιθυμία
1132 3889 1184 3928 non
1210 3877 1237 3929 in
1263 3877 1360 3931 malam

318 3963 423 4025 partem
436 3957 627 4027 accipiendum,
645 3972 677 4012 eo
695 3964 768 4012 recte
786 3973 802 4012 s
822 3958 956 4013 Drosihno
976 3957 1091 4013 deletum
1105 3974 1161 4015 esse
1172 3962 1237 4015 mihi
1255 3962 1360 4016 videtur

321 4045 423 4113 (ll,l);
442 4045 561 4114 sequitur
580 4045 650 4100 enim
674 4045 806 4112 singulari
831 4060 942 4101 numero
966 4039 1018 4114 τὴν
1037 4039 1173 4117 ἄγουσαν,
1192 4048 1263 4117 quod
1281 4056 1307 4102 et
1325 4050 1360 4103 ad

319 4129 386 4184 illud
404 4124 493 4198 δόξαν
512 4138 539 4186 et
557 4130 592 4186 ad
610 4130 678 4186 illud
698 4124 857 4202 ἐπιθυμίαν
875 4131 970 4187 referri
988 4131 1064 4187 nullo
1082 4140 1159 4203 poeto
1178 4141 1274 4203 potest.
