3132 4874
636 385 827 443 -5-

212 559 279 618 tete
302 553 400 618 animi
423 547 633 634 dissereret¹).
674 550 761 617 Idem
784 551 875 618 Plato
898 553 991 618 testis
1014 557 1063 618 est
1085 553 1172 618 illum
1196 572 1252 635 pa-

211 671 316 731 ratum
339 664 439 731 fuisse
462 666 628 748 pecuniam
652 665 693 729 ad
711 664 874 730 Socratem
898 683 937 728 en
959 664 1093 730 vinculis
1116 665 1253 732 liberan-

211 779 285 844 dum
309 777 492 859 conferre2).
538 779 574 842 In
598 775 767 842 Phaedone
790 775 904 841 indolis
927 784 960 841 et
983 776 1100 856 ingenii
1125 775 1251 844 Cebetis

211 890 381 971 imaginem
397 906 575 972 expressam
594 907 664 955 esse
679 907 698 954 a
714 887 850 954 veritate
865 905 927 952 non
943 887 1037 968 longe
1052 890 1252 956 recedentem

211 1021 333 1068 summo
357 1002 426 1067 iure
450 998 723 1083 suspicabimur³);
756 1019 825 1082 quo.
852 1019 925 1066 vero
956 1000 997 1064 ad
1025 1002 1092 1066 eius
1115 1007 1251 1068 aetatem

211 1116 459 1195 cognoscendam
483 1113 531 1179 uti
546 1114 651 1192 liceat,
675 1114 797 1178 nullum
813 1113 846 1176 in
861 1131 899 1178 eo
922 1114 1004 1178 inest
1020 1120 1250 1195 argumentum.

296 1226 420 1292 Notitia
442 1225 614 1309 perexigua
637 1225 693 1290 illa
715 1225 857 1306 quidem,
890 1225 945 1290 sed
974 1225 1008 1289 in
1029 1230 1122 1292 tanta
1144 1228 1252 1309 inopia

212 1359 272 1405 non
296 1341 528 1405 contemnenda
550 1358 588 1405 en
610 1357 647 1404 co
670 1340 738 1404 loco
761 1337 844 1420 duit,
876 1339 930 1421 qui
959 1346 1010 1405 est
1039 1341 1125 1421 apud
1147 1340 1252 1405 Xeno-

211 1453 360 1534 phontem
381 1471 490 1518 comm.
512 1455 537 1532 I,
563 1457 591 1533 2,
615 1457 656 1517 47
680 1470 737 1533 sq,
761 1453 815 1516 ubi
837 1452 900 1532 ille,
923 1459 1092 1534 postquam
1107 1457 1253 1535 exposuit

211 1565 407 1632 Alcibiadem
434 1571 466 1631 et
491 1565 623 1632 critiam
650 1566 721 1631 ideo
748 1566 888 1631 Socratis
916 1566 1063 1631 audiendi
1093 1567 1252 1633 studiosos

212 1679 320 1756 fuisse,
343 1684 379 1743 ut
402 1679 587 1744 facultatem
611 1678 672 1744 sibi
695 1684 847 1760 pararent
869 1679 1062 1760 reipublicae
1084 1680 1250 1759 gerendae,

211 1812 280 1857 eam
304 1799 411 1858 eutem
433 1793 487 1858 ubi
511 1811 544 1857 se
567 1797 729 1857 assecutos
753 1811 823 1857 esse
847 1792 1096 1872 existimassent,
1128 1793 1169 1859 ab
1197 1793 1252 1858 illo

211 1905 404 1986 discessisse,
426 1906 476 1969 bis
489 1904 593 1970 verbis
609 1904 726 1987 pergit:
751 1896 834 1969 trib
850 1907 983 1987 Κρίτων
998 1928 1033 1969 τε
1048 1900 1252 1988 Σωκράτους

213 2005 253 2100 ἦν
276 2011 433 2101 ὁμιλητὴς
455 2015 509 2081 καὶ
534 2019 713 2100 Χαιρεφῶν
736 2013 791 2080 καὶ
814 2014 1040 2101 Χαιρεκράτης
1061 2017 1116 2083 καὶ
1134 2011 1250 2102 Ἑρμο-

210 2127 309 2212 γένης
339 2128 395 2194 καὶ
418 2133 540 2212 Σιμίας
568 2127 624 2194 καὶ
647 2127 758 2211 Κέβης
787 2127 843 2194 καὶ
868 2125 1070 2207 Φαιδώνδας
1096 2181 1104 2196 .
1128 2181 1135 2196 .
1160 2181 1166 2196 .
1196 2131 1251 2196 καὶ

210 2239 340 2308 τούτων
364 2235 475 2319 οὐδεὶς
498 2235 575 2308 οὔτε
601 2238 762 2336 νεώτερος
777 2237 854 2308 οὔτε
869 2239 1093 2327 πρεσβύτερος
1116 2237 1165 2310 civ
1181 2238 1248 2311 οὔτ’

212 2354 347 2436 ἐποίησε
369 2350 474 2420 κακὸν
498 2347 597 2420 οὐδὲν
621 2348 689 2420 οὔτ’
714 2355 824 2420 αἰτίαν
848 2359 952 2440 ἔσχεν.
991 2357 1059 2435 Quo
1081 2361 1150 2424 loco
1173 2359 1251 2425 haec

211 2469 391 2550 disquisitio
416 2487 611 2560 magnopere
632 2471 807 2550 iuvaretur,
840 2472 867 2535 si
890 2489 928 2535 ex
956 2471 1118 2537 nominum
1141 2471 1251 2536 ordine

212 2581 382 2663 quidquam
406 2583 444 2646 de
476 2582 671 2663 singulorum
701 2583 837 2648 virorum
868 2585 1027 2649 aetatibus
1058 2583 1249 2665 efficeretur,

210 2694 241 2760 id
263 2693 347 2775 quod
370 2692 439 2759 fieri
463 2713 500 2760 eo
523 2694 647 2761 facilius
670 2695 915 2776 existimaveris,
948 2698 1032 2780 quod
1062 2697 1117 2778 qui
1148 2698 1249 2777 primo

130 2871 135 2880 ,
209 2807 278 2870 loco
307 2808 524 2888 nominantur,
549 2807 637 2875 Crito
666 2814 698 2874 et
722 2809 928 2891 Obserepbon
952 2809 1092 2876 Socratis
1122 2809 1250 2876 fuerunt

209 2919 384 3002 aequalem)
415 2922 523 3003 itaque
547 2941 600 2988 eos
619 2923 732 2988 ceteris
756 2923 891 2988 maiores
914 2930 992 2989 natu
1020 2922 1117 2990 fuisse
1139 2924 1250 2988 verisi-

209 3033 282 3097 mile
311 3040 368 3098 est.
414 3035 532 3113 Quodsi
561 3035 732 3101 statuimus
755 3034 997 3116 Xenophontem
1027 3035 1147 3101 inillis
1171 3036 1248 3102 viris

208 3146 427 3213 enumerandis
447 3148 563 3214 aetatis
585 3148 741 3214 rationem
758 3148 917 3227 babuisse,
937 3148 1078 3229 sequitur
1101 3147 1248 3212 Cebetem

209 3259 242 3322 in
265 3257 404 3325 Socratis
428 3260 589 3341 discipulis
614 3266 692 3326 natu
715 3260 853 3324 minimis
876 3259 982 3326 fuisse.
1028 3259 1091 3326 Sed
1120 3277 1159 3324 ne
1189 3259 1249 3326 hac

209 3371 451 3438 ratiocinatione
475 3371 680 3453 confidamus,
704 3391 741 3437 ea
765 3390 799 3437 re
822 3372 1032 3454 deterremur,
1056 3374 1139 3454 qnod
1165 3373 1247 3440 Plat.

295 3543 320 3614 ¹)
339 3543 409 3598 Plct.
426 3543 526 3604 Pbacd.
546 3545 579 3598 59
589 3542 615 3598 b.
633 3558 673 3612 sq.

295 3629 320 3700 ²)
340 3630 412 3686 Crito
431 3633 465 3686 45
474 3630 501 3686 b.

294 3717 320 3786 ¹)
341 3717 408 3778 Plct.
428 3718 527 3774 Phaed.
550 3719 614 3788 63a,
632 3720 665 3774 77
673 3732 698 3774 a.
734 3717 774 3776 Gt.
795 3719 886 3782 Groen
903 3733 957 3776 van
980 3716 1136 3772 Prinstercr
1157 3728 1251 3782 proso-

208 3819 282 3874 pogr.
303 3803 406 3860 Platon
425 3822 452 3874 p.
470 3805 513 3860 64.
549 3805 591 3859 Ex
610 3804 748 3862 sententiis
767 3805 894 3861 Cebetis
914 3804 1029 3861 Platone
1048 3799 1156 3858 tributis
1180 3799 1254 3853 nulla

207 3891 239 3946 cd
259 3901 375 3948 nonnam
395 3892 605 3964 disquisitionem
624 3893 671 3948 lus
689 3891 833 3948 redundat.

294 3977 321 4048 ⁴)
342 3981 411 4036 Plct.
433 3979 507 4051 apol.
529 3979 601 4036 Soet.
620 3980 693 4048 33d,
711 3981 743 4032 21
754 3995 777 4034 a.
822 3979 1010 4036 Chaerecratis
1033 3982 1060 4030 ct
1078 3973 1253 4040 Hermogenis

207 4071 280 4120 cetae
299 4079 332 4120 ex
349 4066 391 4134 iis,
404 4081 474 4135 quae
492 4067 572 4122 Pluto
590 4075 618 4122 et
630 4065 782 4136 Xenophon
800 4067 946 4122 memoriae
957 4063 1145 4134 prodiderunt,
1163 4059 1254 4130 explo-

206 4151 262 4206 rari
282 4153 382 4220 nequit.
