3132 4874
610 277 826 336 ...55-

205 444 236 510 id
257 445 457 526 potissimum
481 450 602 526 monet,
626 445 792 527 disciplina
819 445 886 526 illa,
917 463 980 527 qua
1002 446 1124 512 animus
1145 463 1237 526 prae-

202 564 327 638 paretur
349 558 388 623 ad
411 557 642 641 philosophiam
665 557 893 640 accipiendam,
922 575 1000 639 opus
1023 575 1107 638 esse,
1137 556 1236 624 (lebes

203 667 259 734 hoc
289 671 425 738 maxime
456 669 626 736 tenendum
660 688 728 736 esse
758 671 931 749 existimat,
962 670 1089 737 illarum
1119 670 1237 735 artium

206 781 343 847 studium
366 783 603 866 perseipsum
626 781 717 847 nihili
740 800 819 848 esse.

287 893 337 958 Er
365 893 423 960 hoc
453 895 568 962 iudicio
597 894 636 961 de
668 895 846 960 litterarum
876 894 980 961 studio
1010 895 1134 976 prolato
1162 892 1238 975 quid

201 1011 410 1087 consequatur
433 1006 471 1073 de
493 1009 630 1072 auctoris
653 1013 739 1074 secta
761 1013 793 1071 et
814 1012 921 1073 aetate
943 1007 1127 1087 priusquam
1141 1022 1238 1086 quae-

201 1135 317 1197 ramus,
336 1118 509 1200 videamus,
530 1138 683 1202 quasnam
698 1121 882 1202 disciplinas
897 1121 966 1186 eius
982 1118 1140 1185 sententia
1155 1115 1238 1182 lalsa

200 1229 336 1295 eruditio
352 1230 608 1313 comprehendat.
631 1233 802 1299 Hedonicis
817 1237 850 1297 et
858 1231 1089 1312 Peripateticis,
1105 1245 1237 1311 quorum

201 1343 488 1409 commemorationi
504 1343 555 1410 hic
571 1345 672 1411 locum
694 1363 758 1409 non
781 1362 851 1410 esse
873 1362 969 1425 supra
984 1362 1015 1424 p.
1032 1347 1072 1408 22
1089 1341 1236 1420 vidimus,

200 1454 322 1519 omissis
346 1455 569 1536 relinquuntur
590 1460 718 1538 poetae,
741 1456 900 1535 rhetores,
924 1455 1093 1532 dialectici,
1116 1454 1237 1534 musici,

200 1567 402 1644 arithmetici,
428 1573 620 1650 geometrae,
646 1569 813 1650 astrologi,
841 1567 952 1633 critici.
997 1567 1041 1632 Hi
1067 1573 1188 1648 autem,
1211 1566 1238 1631 si

200 1679 313 1744 missos
329 1679 407 1744 iacis
422 1684 546 1761 poetas,
563 1688 637 1746 sunt
652 1683 799 1747 tritarum
814 1681 952 1760 illarum,
968 1696 1047 1760 quas
1062 1678 1238 1762 ἐγκυκλίου

200 1791 350 1867 παιδείας
366 1791 495 1857 nomine
512 1792 678 1875 designare
694 1795 817 1875 antiqui
829 1793 983 1871 solebant,
999 1791 1238 1874 disciplinarum

201 1903 342 1968 studiosi.
375 1903 516 1981 Quarum
532 1905 618 1971 orbis
634 1924 695 1972 non
712 1909 787 1971 ante
801 1903 1085 1970 Alexandrinorum
1100 1908 1239 1970 aetatem

201 2014 362 2082 coniectus
385 2021 434 2082 est
449 2023 482 2081 et
497 2019 671 2084 absolutus.
706 2019 755 2085 Ex
769 2017 987 2099 Xenophontis
1010 2016 1094 2081 illius
1113 2016 1238 2097 quidem

201 2127 436 2194 commentariis
457 2129 515 2208 (lV
532 2135 566 2209 7)
589 2135 721 2212 apparet
744 2131 860 2195 multos
883 2128 1023 2195 Socratis
1044 2127 1239 2207 temporibus

201 2258 329 2320 operam
365 2239 486 2306 dedisse
522 2243 734 2322 geometriae,
770 2241 976 2321 astrologiae,
1020 2239 1239 2305 arithmeticae

201 2352 378 2433 nimiosque
402 2351 541 2420 Socratis
557 2356 715 2421 sententia
732 2355 765 2419 in
781 2354 836 2419 illo
853 2353 956 2419 studio
972 2352 1077 2418 luisse.
1112 2350 1204 2416 Plato
1213 2349 1238 2433 ¹)

201 2463 384 2545 disciplinas
395 2467 550 2546 quasdam
572 2473 746 2546 enumerat,
769 2484 850 2549 quae
873 2466 914 2531 ad
937 2464 1147 2530 eruditionem
1170 2481 1239 2544 per·

199 2575 333 2642 tineent
357 2576 417 2642 Sed
427 2596 581 2661 nusquam
590 2597 692 2660 neque
704 2577 1035 2660 apudXenoplrontem
1045 2593 1145 2658 neque
1155 2575 1240 2658 apud

201 2686 616 2772 Platonemcertusqoidam
625 2698 887 2757 commemoratur
896 2689 1133 2771 disciplinarum
1143 2689 1241 2767 orbis,

200 2799 315 2880 quihus
330 2803 421 2881 pueri
436 2802 573 2869 debeant
587 2803 722 2883 instrni;
744 2820 888 2885 quaeque
904 2802 995 2866 Plato
1011 2799 1179 2878 desiderat,
1203 2818 1242 2864 ea

200 2913 364 2993 pauciores
383 2913 600 2981 adulescentes
617 2914 820 2994 elegantioris
837 2913 1000 2979 doctrinae
1018 2912 1161 2988 studiosi,
1178 2928 1242 2976 non

200 3022 290 3088 liberi
314 3043 421 3090 omnes
443 3026 591 3094 videntur
606 3025 748 3091 tenuisse
757 3023 793 3107 ἵ).
839 3026 1026 3091 Aristoteles
1037 3024 1150 3089 deinde
1161 3025 1241 3104 (rep.

200 3133 279 3200 vlll
289 3137 322 3214 2)
337 3144 488 3219 quattuor
498 3140 557 3205 has
566 3156 616 3202 res
629 3137 719 3203 docet
732 3139 825 3218 vulgo
840 3156 952 3219 pueros
969 3137 1123 3216 didicisse,
1135 3152 1244 3216 gram·

198 3247 360 3328 matieam,
383 3252 630 3336 gymnasticam,
654 3250 823 3330 musicam,
847 3251 1041 3332 graphicum,
1064 3249 1244 3314 hanovere

200 3379 221 3424 a
244 3363 404 3428 nonnullis
426 3381 499 3429 esse
522 3364 682 3428 reiectam.
718 3362 776 3426 llis
799 3363 868 3443 ipse
885 3361 1072 3429 Aristoteles
1096 3357 1245 3439 adiungit

197 3471 468 3555 mathematicam,
492 3475 703 3555 dialecticam,
726 3474 926 3541 rhetoricam.
971 3475 999 3539 E
1022 3471 1137 3555 quihus
1153 3489 1245 3556 gym-

209 3629 372 3638 ——

286 3697 308 3762 ¹)
328 3696 440 3754 rhoea.
460 3701 512 3754 145
523 3713 555 3765 a;
573 3697 644 3752 ervit.
662 3697 689 3750 11
707 3699 788 3754 arae.

287 3790 307 3854 ¹)
328 3800 358 3845 ut
376 3801 452 3848 recte
470 3808 580 3848 monere
602 3792 667 3846 mihi
684 3793 792 3847 videtur
810 3793 933 3860 Cramer,
951 3790 1110 3846 Geschlchte
1136 3785 1163 3842 d.
1184 3787 1249 3844 Etr.

196 3891 224 3931 n.
250 3875 275 3928 d.
303 3877 410 3933 Untcrr.
439 3880 476 3934 im
500 3879 666 3934 Altertuml
691 3897 716 3948 p.
735 3882 794 3934 348.
831 3879 984 3936 Chalcidice
1009 3883 1098 3932 autem
1127 3873 1166 3942 (in
1195 3873 1251 3929 fine

198 3979 293 4018 comm.
313 3964 339 4016 in
358 3965 439 4033 Tim.)
458 3983 499 4036 ea,
518 3983 589 4035 quae
607 3967 692 4036 ipsius
710 3975 801 4024 aetate
814 3967 927 4038 debant,
943 3964 978 4022 ad
989 3963 1114 4020 Platonis
1125 3968 1255 4032 tempora

196 4049 306 4106 ridetur
324 4051 504 4110 hanstulisre.
