3124 4870
620 319 832 379 -79-

210 485 317 552 Simile
349 487 424 569 quid
455 505 583 569 passum
615 506 685 554 esse
714 487 839 553 videtur
864 487 1048 553 vocabulum
1083 489 1166 569 quod
1196 494 1245 555 est

209 595 365 686 πρᾳότης,
388 599 471 680 quod
487 600 570 682 apud
585 601 750 664 Platonem
765 605 798 665 et
813 599 1053 679 Xenophontem
1076 600 1243 680 invenitur,

212 712 267 775 sed
283 730 440 794 nusquam
454 712 499 776 ita
514 713 700 791 adhibitum,
716 718 752 777 ut
769 707 915 799 πρᾳότης
933 712 966 776 in
981 713 1133 776 virtutum
1149 713 1243 778 choro

210 830 472 890 commemoretur
495 829 551 890 aut
573 831 609 890 ut
624 825 854 908 philosophiam
870 825 1022 889 moralem
1037 825 1076 890 de
1091 843 1129 888 ea
1147 843 1243 906 quae-

210 955 279 1002 rere
303 944 465 1020 appareat.
516 938 551 1002 In
576 937 631 1017 iis,
656 955 736 1019 quae
758 957 796 1002 ex
817 936 1129 1002 Pseudo-Aristotele
1152 936 1244 1003 affert

212 1047 297 1131 Stoh.
325 1048 393 1116 flor.
417 1052 432 1114 Ι
459 1055 514 1130 18,
546 1050 614 1114 eius
636 1049 737 1129 partis
759 1049 870 1128 animi,
905 1067 985 1129 quae
1013 1067 1083 1113 cum
1113 1049 1244 1114 Platone

210 1156 393 1246 θυμοειδής
415 1162 601 1243 appelletur,
625 1160 706 1226 duae
722 1162 869 1226 dicuntur
890 1179 960 1226 esse
975 1161 1119 1240 virtuter,
1141 1156 1244 1248 πρᾳό-

211 1296 267 1354 της
290 1279 322 1338 et
344 1266 482 1352 όαόρεία
492 1274 525 1353 ¹).
565 1272 687 1338 Stoicos
709 1273 742 1339 in
767 1274 909 1355 sapiente
931 1273 1126 1338 clementiam
1142 1273 1245 1354 requi-

211 1387 321 1452 sivisse
342 1387 432 1452 testis
455 1392 505 1452 est
526 1386 680 1468 Didymus
703 1387 806 1466 (Mull.
824 1387 855 1450 ΙΙ
870 1405 899 1467 p.
918 1390 970 1467 85,
990 1385 1044 1450 ubi
1059 1379 1245 1470 πρᾳότητος

210 1495 348 1564 definitio
371 1498 530 1579 traditur).

295 1611 344 1674 Ex
377 1608 568 1692 ἐλευθερίας
601 1615 633 1674 et
661 1602 909 1692 καλοκάγαθίας
939 1609 1243 1686 commemoratione,

211 1739 280 1785 cum
312 1727 481 1803 utrumque
509 1722 696 1787 vocabulum
725 1722 948 1787 diversissimis
979 1723 1174 1804 temporibus
1202 1723 1244 1786 sit

211 1834 398 1915 adhibitum,
422 1836 501 1900 nihil
525 1835 601 1898 mihi
624 1835 749 1899 videtur
772 1835 877 1913 colligi
899 1853 993 1915 posse
1002 1834 1041 1916 ²).

295 1945 368 2011 lam
383 1947 557 2025 videamus,
572 1947 728 2028 quomodo
744 1947 871 2028 sapiens
887 1947 952 2026 ille,
975 1948 1029 2028 qui
1044 1947 1085 2011 ad
1103 1947 1244 2014 Virtutes

211 2064 244 2123 et
266 2060 498 2124 Boatitudinem
514 2060 666 2140 ascendit,
690 2077 708 2122 a
731 2058 870 2124 Tabulae
893 2064 1022 2125 auctore
1045 2059 1241 2140 depingatur.

212 2172 314 2255 Atque
337 2174 368 2237 id
391 2192 488 2254 supra
502 2174 637 2238 vidimus
662 2191 730 2237 oum
747 2172 861 2238 Stoicis
878 2173 1054 2253 convenire,
1077 2174 1160 2255 quod
1180 2173 1242 2253 ille,

211 2286 265 2350 ubi
286 2304 341 2350 eos
363 2285 484 2365 revisit,
507 2287 561 2367 qui
584 2284 666 2348 male
689 2285 799 2349 vivunt
821 2301 924 2364 neque
946 2284 1032 2349 vitiis
1055 2302 1088 2349 se
1107 2287 1245 2350 exsolve-

212 2404 285 2463 runt
306 2398 414 2478 (24,2;
440 2399 506 2480 25),
528 2397 650 2480 pariter
672 2402 768 2478 atque
790 2397 929 2461 medicus
946 2397 987 2461 ab
1009 2398 1152 2462 omnibns
1174 2417 1243 2462 oum

210 2509 325 2589 gaudio
340 2511 494 2592 excipitur
510 2508 626 2593 (26,l).
665 2509 734 2586 Qua
756 2510 788 2574 in
811 2528 846 2573 re
866 2509 926 2574 hoc
939 2528 1001 2573 non
1017 2512 1244 2590 neglegendum

210 2641 279 2688 esse
301 2624 378 2688 mihi
401 2624 540 2704 videtur,
563 2622 646 2706 quod
675 2624 742 2700 ille,
770 2640 967 2703 quocumque
989 2624 1125 2702 accedit,
1155 2629 1244 2690 tutus

210 2741 259 2800 est
286 2736 327 2800 ab
354 2737 499 2802 omnihus
526 2736 633 2815 malie,
662 2753 762 2817 neque
787 2734 960 2817 periculum
984 2741 1034 2800 est
1056 2738 1192 2818 nequid
1215 2736 1245 2801 ei

210 2848 333 2912 accidat
346 2848 470 2914 adversi
484 2850 525 2914 ab
548 2850 599 2928 iis,
621 2865 702 2928 quae
720 2854 815 2913 antea
829 2865 901 2910 eum
917 2849 1069 2913 servitute
1084 2866 1244 2931 oppresse-

211 2967 285 3024 runt
299 2963 394 3041 (26,2
410 2960 484 3043 sa).
527 2963 614 3028 Haeo
635 2960 804 3042 descriptio
820 2961 913 3042 plane
934 2962 1081 3042 congruit
1102 2979 1172 3025 cum
1193 2978 1245 3025 sa-

209 3072 315 3150 piente
326 3073 380 3138 illo
395 3072 582 3153 Stoicorum,
599 3075 664 3154 qui,
680 3074 734 3137 ubi
746 3073 882 3152 primum
894 3071 1082 3151 sapientiam
1097 3078 1145 3136 est
1159 3090 1245 3137 asse-

210 3187 314 3266 cutus,
341 3202 403 3249 noo
426 3184 518 3249 modo
541 3184 621 3248 liher
643 3191 693 3250 est
714 3185 754 3248 ah
778 3201 884 3247 errore
906 3185 989 3249 omni
1014 3190 1047 3250 et
1067 3184 1163 3263 vitio,
1190 3185 1244 3248 sed

210 3313 249 3359 ne
271 3296 411 3363 recidere
434 3298 560 3379 quidem
581 3302 688 3378 potest
710 3299 744 3362 in
765 3298 904 3378 priorem
925 3296 1126 3376 miseriamll.

210 3428 293 3438 ——-.

295 3487 317 3555 ¹)
336 3487 376 3542 Οἱ.
394 3489 505 3544 Aristot.
524 3488 606 3544 ethic.
624 3487 727 3543 Nicom.
742 3490 843 3542 11088:
864 3481 940 3541 ἔστιν
957 3483 990 3541 δὲ
1009 3487 1058 3543 καὶ
1075 3487 1140 3557 περὶ
1157 3479 1245 3558 ὀργὴν

208 3563 350 3643 ὑπερβολὴ
368 3572 418 3626 καὶ
437 3569 561 3644 ἔλλειψις
578 3572 627 3626 καὶ
649 3568 777 3642 μεσότης,
800 3566 902 3640 σχεδόν
924 3569 956 3626 dh
980 3565 1138 3643 ἀνωνύμων
1155 3567 1246 3627 ὄντων

209 3648 303 3710 odedu
320 3650 370 3710 τὸν
392 3655 480 3726 μέσον
502 3659 596 3727 πρᾶον
618 3654 748 3726 λέγοντες
768 3651 822 3726 τὴν
839 3652 978 3724 μεσότητα
1000 3653 1146 3728 πραότητα
1163 3657 1246 3713 καλέ-

208 3758 302 3811 σομεν.
338 3744 377 3798 Cl.
396 3744 461 3799 ibid.
481 3744 583 3813 1125b3
602 3743 691 3800 Echio.
710 3743 779 3800 Eud.
798 3743 901 3810 1231b3
921 3745 1021 3798 1220b.

294 3829 315 3898 ²)
334 3828 375 3884 De
391 3829 439 3883 illo
456 3831 490 3887 cf.
509 3830 630 3886 Platonis
648 3830 749 3886 Phaed.
769 3831 840 3884 llle
865 3837 892 3884 et
909 3828 1000 3896 Epict.
1023 3828 1097 3885 Stoh.
1113 3830 1188 3898 6,50;
1213 3830 1246 3885 de

208 3913 259 3967 hoc
277 3913 419 3970 Fritzschii
436 3914 499 3974 edit.
513 3916 592 3972 ethic.
606 3914 718 3972 Eodem.
736 3930 763 3984 p.
776 3914 837 3980 256,
857 3915 956 3968 10-11
976 3922 1004 3969 et
1015 3913 1154 3968 Schmidtii
1165 3916 1245 3972 ethic.

208 3999 265 4070 lp.
282 4004 382 4072 829sq.

293 4089 315 4154 Ι)
334 4087 514 4156 Chrysippum
541 4090 617 4145 illum
645 4089 754 4160 quidem
781 4084 859 4154 niog.
886 4087 976 4147 Leerr.
1002 4088 1056 4144 Vll
1084 4092 1134 4144 127
1163 4089 1246 4145 tradit
