3132 4874
611 301 826 360 ..25-

201 467 399 534 Demetrius“
425 475 520 550 atque
547 475 673 550 ,noster
698 469 922 555 Chrysippus“.
973 469 1043 536 Hac
1068 476 1173 536 autem
1203 490 1238 537 re

201 581 234 645 in
257 581 475 662 disquisitione
503 583 543 648 de
575 581 752 666 philosophi
782 583 855 648 libri
892 583 1014 665 origine
1044 583 1240 650 instituenda

203 693 340 758 maxima
378 695 518 760 nascitur
554 693 734 760 difficultas.
802 696 863 775 Qui
901 695 986 760 enim
1022 695 1165 762 effectum
1199 695 1239 760 ad

203 823 304 872 mores
327 809 538 889 pertinentem
561 809 775 891 potiusquam
799 809 1101 874 demonstrationem
1117 809 1240 874 ratione

204 937 240 984 ac
284 920 337 984 via
372 919 594 1002 perficiendam
632 921 692 986 sibi
729 921 894 1003 proposuit
930 921 970 986 ob
1006 940 1138 1003 eamque
1174 939 1240 986 rem

204 1049 251 1110 ea,
274 1050 355 1112 quae
376 1031 519 1114 pluribus
552 1033 648 1098 sectis
678 1033 857 1099 communia
886 1038 975 1113 sunt,
1003 1034 1105 1115 magis
1127 1033 1242 1116 premit

204 1163 298 1227 quam
321 1163 370 1225 ea,
393 1164 474 1228 quae
492 1164 556 1211 non
580 1145 780 1227 conveniunt,
804 1147 918 1227 quique
933 1146 1129 1211 diversarum
1151 1145 1243 1212 fami-

204 1257 318 1322 liamm
340 1258 545 1341 philosophos
568 1259 688 1340 laudat,
721 1277 804 1340 eum,
827 1260 891 1324 nisi
915 1259 1042 1325 aliunde
1065 1259 1154 1325 cuius
1177 1277 1244 1324 sec·

205 1373 290 1434 tator
311 1375 343 1434 et
365 1371 490 1451 quando
506 1371 612 1451 fuerit,
636 1372 829 1452 cognoveris,
853 1390 916 1436 non
932 1370 1026 1436 facile
1049 1377 1155 1436 certae
1179 1371 1243 1435 cui-

206 1481 278 1546 dam
301 1488 407 1547 sectae
429 1488 525 1564 atque
546 1484 648 1549 aetati
670 1483 864 1565 assignabis3
888 1484 949 1548 nisi
973 1482 1108 1563 quodid
1130 1484 1243 1564 ipsum,

206 1594 290 1674 quod
312 1595 495 1676 popularem
534 1596 588 1676 qui
617 1596 732 1660 dicitur
757 1595 979 1678 philosophum
1006 1601 1038 1661 et
1063 1595 1246 1660 eclecticum

207 1724 241 1770 se
271 1707 418 1787 praebet,
442 1708 630 1773 documento
660 1725 729 1773 esse
758 1707 843 1773 inira
866 1708 1043 1773 videbimus
1071 1708 1246 1773 recentiore

207 1836 276 1882 eum
301 1823 407 1884 aetate
429 1818 537 1884 fuisse.
583 1818 722 1884 Similem
750 1821 831 1899 eius,
864 1820 903 1884 de
934 1838 995 1900 qua
1024 1838 1083 1885 nos
1112 1820 1245 1902 agimus,

124 1963 131 1980 ·
208 1931 403 2008 quaestionis
432 1931 648 1996 condicionem
672 1949 757 2012 esse,
787 1931 837 1997 vel
860 1950 899 1997 ex
921 1950 957 1997 eo
986 1931 1060 1997 licet
1082 1931 1247 2014 suspicari,

208 2043 291 2122 quod
314 2043 552 2125 disciplinarum
575 2044 820 2127 Pythagoricae,
849 2044 1025 2123 Eleaticae,
1056 2041 1247 2122 Socraticae,

209 2155 404 2236 Platonicae,
428 2156 563 2237 Stoicae,
584 2157 719 2239 cynicae
735 2158 871 2240 vestigia
887 2157 918 2221 in
934 2155 1058 2221 Tabula
1074 2155 1248 2237 deprehen·

210 2267 295 2334 disse
317 2270 377 2333 viri
401 2270 485 2335 docti
508 2271 568 2336 sibi
592 2271 650 2335 visi
675 2275 758 2336 sunt.
809 2269 899 2350 Quod
926 2287 988 2350 quo
1012 2268 1080 2333 iure
1108 2266 1249 2347 iecerint,

104 2387 107 2396 '
210 2399 293 2446 nunc
315 2382 487 2448 videamus.

297 2494 401 2575 Atque
415 2496 550 2576 primum
564 2495 794 2578 Pythagoricae
810 2500 843 2560 et
857 2493 1020 2559 Eleaticae
1036 2492 1251 2558 doctrinarum

89 2676 97 2691 ,
212 2607 345 2688 vestigia
368 2608 593 2692 distinguenda
615 2614 691 2673 sunt
713 2627 733 2672 a
755 2606 881 2672 Stoicae
904 2610 937 2671 et
956 2603 1092 2688 Cynicae
1114 2603 1252 2685 discipli·

212 2736 322 2783 narum
339 2719 497 2799 vestigiis;
521 2719 584 2785 illis
600 2720 694 2798 enim,
717 2737 788 2785 curn
810 2736 867 2800 per
882 2715 1044 2782 Socratem
1067 2715 1108 2780 ad
1126 2715 1252 2780 Pinacis

213 2839 374 2898 auctorem
396 2833 521 2898 illamm
537 2838 694 2899 sectarum
710 2832 860 2913 dogmata
880 2847 1068 2911 permanare
1083 2827 1252 2910 potuerint,

213 2965 276 3011 non
299 2953 445 3010 vetamur
467 2945 620 3012 Tabulam
641 2944 781 3010 iudicare
804 2941 945 3022 (lebetis3
970 2941 1048 3006 haec
1071 2959 1144 3005 vero
1168 2940 1195 3004 si
1218 2957 1253 3002 re

214 3078 290 3125 vera
312 3065 437 3125 exstare
460 3057 710 3142 cognoverimus
733 3055 802 3121 fieri
818 3073 881 3119 non
897 3053 1025 3136 poterit,
1048 3051 1125 3132 quin
1147 3069 1254 3116 recen·

214 3173 296 3236 tiore
319 3177 425 3237 aetate
447 3176 608 3237 auctorem
624 3169 720 3234 tuisse
735 3184 928 3234 censeamus.
967 3165 1013 3230 De
1032 3163 1166 3230 Platone
1188 3181 1255 3227 am-

213 3284 312 3365 bigua
340 3303 391 3349 res
421 3290 485 3363 est,
516 3301 585 3347 cum
610 3281 759 3347 Cebetem
788 3280 829 3345 ab
860 3277 984 3359 aequali
1019 3294 1075 3342 suo
1106 3275 1257 3341 nonnulla

214 3399 357 3479 accipere
380 3397 522 3479 potuisse
544 3395 657 3478 negari
673 3413 736 3459 non
750 3393 860 3473 possit,
885 3397 1027 3457 attamen
1042 3389 1168 3455 aliunde
1190 3405 1257 3452 cer·

162 3549 166 3562 ·
215 3511 311 3576 tiores
335 3529 396 3575 non
419 3509 532 3575 fiamus
555 3508 692 3574 minores
715 3506 785 3571 illos
809 3505 862 3587 qui
885 3503 1031 3568 dicuntur·
1045 3501 1258 3568 Socraticosa

217 3643 303 3689 mera
325 3627 357 3688 et
378 3623 504 3702 integra
526 3620 666 3687 Socratis
689 3619 833 3685 doctrina
854 3616 1031 3682 recessisse.

302 3734 524 3818 Pythagoricis
548 3737 711 3798 auctorem
738 3730 855 3796 lavisse
878 3726 1057 3793 Brackerus
1086 3721 1258 3801 contendit,

216 3869 254 3916 eo
277 3849 418 3914 Tabulae
441 3850 519 3924 loco,
543 3865 604 3928 quo
619 3845 832 3928 Pythagorica
857 3841 920 3906 vita
942 3837 1141 3904 collaudatur
1163 3840 1207 3914 (2,
1226 3809 1259 3895 2)

216 3971 250 4030 et
268 3963 407 4029 absurdo
424 3961 477 4027 illo
490 3961 606 4026 Suidae
623 3962 819 4039 argumento,
843 3955 881 4020 de
896 3970 957 4034 quo
973 3968 1069 4032 supra
1084 3942 1260 4028 diximum),

306 4062 331 4158 ¹)
347 4061 428 4160 ἰι-11
448 4107 488 4160 sq.
