<?xml version="1.0" encoding="UTF-8"?>
<!DOCTYPE html PUBLIC "-//W3C//DTD XHTML 1.0 Transitional//EN"
    "http://www.w3.org/TR/xhtml1/DTD/xhtml1-transitional.dtd">
<html xmlns="http://www.w3.org/1999/xhtml" xml:lang="en" lang="en">
 <head>
  <title>
</title>
<meta http-equiv="Content-Type" content="text/html;charset=utf-8" />
  <meta name='ocr-system' content='tesseract 3.04.00' />
  <meta name='ocr-capabilities' content='ocr_page ocr_carea ocr_par ocr_line ocrx_word'/>
</head>
<body>
  <div class='ocr_page' id='page_1' title='image "./cebetistabulaqu00praegoog_0089.png"; bbox 0 0 3124 4870; ppageno 0'>
   <div class='ocr_carea' id='block_1_1' title="bbox 701 361 918 421">
    <p class='ocr_par' dir='ltr' id='par_1_1' title="bbox 701 361 918 421">
     <span class='ocr_line' id='line_1_1' title="bbox 701 361 918 421; baseline -0.005 -20"><span class='ocrx_word' id='word_1_1' title='bbox 701 361 918 421; x_wconf 71' lang='grc'><strong>..73-</strong></span> 
     </span>
    </p>
   </div>
   <div class='ocr_carea' id='block_1_2' title="bbox 286 527 1326 2294">
    <p class='ocr_par' dir='ltr' id='par_1_2' title="bbox 289 527 1323 718">
     <span class='ocr_line' id='line_1_2' title="bbox 289 527 1323 611; baseline 0.004 -21"><span class='ocrx_word' id='word_1_2' title='bbox 289 527 493 591; x_wconf 87' lang='lat' dir='ltr'>inveniuntur</span> <span class='ocrx_word' id='word_1_3' title='bbox 515 529 592 593; x_wconf 93' lang='lat' dir='ltr'>locis</span> <span class='ocrx_word' id='word_1_4' title='bbox 613 547 643 608; x_wconf 89' lang='lat' dir='ltr'>p.</span> <span class='ocrx_word' id='word_1_5' title='bbox 673 534 764 593; x_wconf 84' lang='lat'>7611.</span> <span class='ocrx_word' id='word_1_6' title='bbox 788 534 805 592; x_wconf 81' lang='lat'><strong>2</strong></span> <span class='ocrx_word' id='word_1_7' title='bbox 830 531 935 595; x_wconf 83' lang='lat' dir='ltr'>allatis</span> <span class='ocrx_word' id='word_1_8' title='bbox 959 535 991 594; x_wconf 92' lang='lat' dir='ltr'>et</span> <span class='ocrx_word' id='word_1_9' title='bbox 1013 529 1126 594; x_wconf 90' lang='lat' dir='ltr'>Zelleri</span> <span class='ocrx_word' id='word_1_10' title='bbox 1148 531 1223 595; x_wconf 89' lang='lat' dir='ltr'>hist.</span> <span class='ocrx_word' id='word_1_11' title='bbox 1247 531 1323 611; x_wconf 93' lang='lat' dir='ltr'>phil.</span> 
     </span>
     <span class='ocr_line' id='line_1_3' title="bbox 291 638 583 718; baseline 0 -16"><span class='ocrx_word' id='word_1_12' title='bbox 291 638 345 702; x_wconf 87' lang='lat' dir='ltr'>Gr.</span> <span class='ocrx_word' id='word_1_13' title='bbox 371 641 417 703; x_wconf 92' lang='lat' dir='ltr'>lll</span> <span class='ocrx_word' id='word_1_14' title='bbox 444 647 458 703; x_wconf 91' lang='lat'>1</span> <span class='ocrx_word' id='word_1_15' title='bbox 484 658 514 704; x_wconf 91' lang='lat' dir='ltr'>u.</span> <span class='ocrx_word' id='word_1_16' title='bbox 539 641 583 718; x_wconf 85' lang='grc'>4).</span> 
     </span>
    </p>

    <p class='ocr_par' dir='ltr' id='par_1_3' title="bbox 286 750 1326 2294">
     <span class='ocr_line' id='line_1_4' title="bbox 378 750 1326 834; baseline 0.004 -20"><span class='ocrx_word' id='word_1_17' title='bbox 378 752 425 815; x_wconf 92' lang='lat' dir='ltr'>Dc</span> <span class='ocrx_word' id='word_1_18' title='bbox 454 750 653 831; x_wconf 84' lang='lat' dir='ltr'>fortitudine,</span> <span class='ocrx_word' id='word_1_19' title='bbox 685 753 820 833; x_wconf 90' lang='lat' dir='ltr'>iustitia,</span> <span class='ocrx_word' id='word_1_20' title='bbox 855 757 1067 834; x_wconf 81' lang='lat' dir='ltr'>temperantia</span> <span class='ocrx_word' id='word_1_21' title='bbox 1096 774 1158 818; x_wconf 92' lang='lat' dir='ltr'>non</span> <span class='ocrx_word' id='word_1_22' title='bbox 1194 760 1242 820; x_wconf 85' lang='lat' dir='ltr'>est</span> <span class='ocrx_word' id='word_1_23' title='bbox 1273 775 1326 818; x_wconf 91' lang='lat' dir='ltr'>cur</span> 
     </span>
     <span class='ocr_line' id='line_1_5' title="bbox 289 860 1326 948; baseline 0.006 -22"><span class='ocrx_word' id='word_1_24' title='bbox 289 863 432 944; x_wconf 90' lang='lat' dir='ltr'>pluribus</span> <span class='ocrx_word' id='word_1_25' title='bbox 461 863 629 944; x_wconf 86' lang='lat' dir='ltr'>disputem.</span> <span class='ocrx_word' id='word_1_26' title='bbox 676 860 890 948; x_wconf 78' lang='grc' dir='ltr'><strong><em>Σωφροσύνη</em></strong></span> <span class='ocrx_word' id='word_1_27' title='bbox 920 872 951 931; x_wconf 86' lang='lat' dir='ltr'>et</span> <span class='ocrx_word' id='word_1_28' title='bbox 981 862 1152 948; x_wconf 79' lang='grc' dir='ltr'><strong><em>ἐγκράτεια</em></strong></span> <span class='ocrx_word' id='word_1_29' title='bbox 1161 865 1185 946; x_wconf 79' lang='lat'>¹)</span> <span class='ocrx_word' id='word_1_30' title='bbox 1215 869 1278 931; x_wconf 87' lang='lat' dir='ltr'>iam</span> <span class='ocrx_word' id='word_1_31' title='bbox 1306 887 1326 932; x_wconf 85' lang='lat' dir='ltr'>a</span> 
     </span>
     <span class='ocr_line' id='line_1_6' title="bbox 290 975 1324 1059; baseline 0.005 -20"><span class='ocrx_word' id='word_1_32' title='bbox 290 975 498 1056; x_wconf 84' lang='lat' dir='ltr'>Xenophonte</span> <span class='ocrx_word' id='word_1_33' title='bbox 519 975 603 1040; x_wconf 87' lang='lat' dir='ltr'>inter</span> <span class='ocrx_word' id='word_1_34' title='bbox 623 994 656 1040; x_wconf 92' lang='lat' dir='ltr'>se</span> <span class='ocrx_word' id='word_1_35' title='bbox 677 978 908 1058; x_wconf 83' lang='lat' dir='ltr'>coniunguntur</span> <span class='ocrx_word' id='word_1_36' title='bbox 925 976 1038 1059; x_wconf 84' lang='lat' dir='ltr'>Cyrup.</span> <span class='ocrx_word' id='word_1_37' title='bbox 1058 983 1123 1058; x_wconf 83' lang='lat'>7‚5‚</span> <span class='ocrx_word' id='word_1_38' title='bbox 1142 984 1192 1043; x_wconf 83' lang='lat'>26.</span> <span class='ocrx_word' id='word_1_39' title='bbox 1238 979 1324 1044; x_wconf 88' lang='lat' dir='ltr'>Idem</span> 
     </span>
     <span class='ocr_line' id='line_1_7' title="bbox 288 1088 1324 1172; baseline 0.001 -20"><span class='ocrx_word' id='word_1_40' title='bbox 288 1089 410 1152; x_wconf 90' lang='lat' dir='ltr'>invenis</span> <span class='ocrx_word' id='word_1_41' title='bbox 423 1088 712 1170; x_wconf 75' lang='lat' dir='ltr'>apudposteriores</span> <span class='ocrx_word' id='word_1_42' title='bbox 731 1089 768 1154; x_wconf 92' lang='lat' dir='ltr'>cf.</span> <span class='ocrx_word' id='word_1_43' title='bbox 784 1089 1015 1156; x_wconf 82' lang='lat' dir='ltr'>Pseudo-Arist.</span> <span class='ocrx_word' id='word_1_44' title='bbox 1031 1092 1115 1172; x_wconf 90' lang='lat' dir='ltr'>apud</span> <span class='ocrx_word' id='word_1_45' title='bbox 1128 1091 1215 1157; x_wconf 83' lang='lat' dir='ltr'>Stob.</span> <span class='ocrx_word' id='word_1_46' title='bbox 1232 1099 1259 1170; x_wconf 89' lang='lat' dir='ltr'>l,</span> <span class='ocrx_word' id='word_1_47' title='bbox 1275 1097 1324 1157; x_wconf 81' lang='lat' dir='ltr'>le.</span> 
     </span>
     <span class='ocr_line' id='line_1_8' title="bbox 289 1197 1325 1286; baseline 0.003 -20"><span class='ocrx_word' id='word_1_48' title='bbox 289 1201 462 1266; x_wconf 84' lang='lat' dir='ltr'>Stoicorum</span> <span class='ocrx_word' id='word_1_49' title='bbox 478 1202 636 1266; x_wconf 85' lang='lat' dir='ltr'>sententia</span> <span class='ocrx_word' id='word_1_50' title='bbox 652 1197 844 1284; x_wconf 70' lang='grc' dir='ltr'><em>ἐγκράτειαν</em></span> <span class='ocrx_word' id='word_1_51' title='bbox 860 1199 1082 1286; x_wconf 79' lang='grc' dir='ltr'><strong><em>σωφροσύνης</em></strong></span> <span class='ocrx_word' id='word_1_52' title='bbox 1098 1206 1230 1286; x_wconf 92' lang='lat' dir='ltr'>speciem</span> <span class='ocrx_word' id='word_1_53' title='bbox 1254 1223 1325 1269; x_wconf 90' lang='lat' dir='ltr'>esse</span> 
     </span>
     <span class='ocr_line' id='line_1_9' title="bbox 288 1315 1326 1395; baseline 0.004 -17"><span class='ocrx_word' id='word_1_54' title='bbox 288 1332 387 1395; x_wconf 89' lang='lat' dir='ltr'>eaque</span> <span class='ocrx_word' id='word_1_55' title='bbox 410 1315 629 1394; x_wconf 83' lang='lat' dir='ltr'>comprehendi</span> <span class='ocrx_word' id='word_1_56' title='bbox 657 1317 748 1380; x_wconf 91' lang='lat' dir='ltr'>testis</span> <span class='ocrx_word' id='word_1_57' title='bbox 772 1323 820 1380; x_wconf 87' lang='lat' dir='ltr'>est</span> <span class='ocrx_word' id='word_1_58' title='bbox 844 1315 930 1380; x_wconf 86' lang='lat' dir='ltr'>Stob.</span> <span class='ocrx_word' id='word_1_59' title='bbox 964 1317 1019 1380; x_wconf 92' lang='lat' dir='ltr'>ecl.</span> <span class='ocrx_word' id='word_1_60' title='bbox 1042 1317 1104 1381; x_wconf 87' lang='lat' dir='ltr'>eth.</span> <span class='ocrx_word' id='word_1_61' title='bbox 1125 1321 1194 1381; x_wconf 89' lang='lat'>106.</span> <span class='ocrx_word' id='word_1_62' title='bbox 1232 1318 1326 1382; x_wconf 81' lang='lat' dir='ltr'>Eius-</span> 
     </span>
     <span class='ocr_line' id='line_1_10' title="bbox 288 1421 1326 1509; baseline 0.002 -19"><span class='ocrx_word' id='word_1_63' title='bbox 288 1427 358 1490; x_wconf 89' lang='lat' dir='ltr'>dem</span> <span class='ocrx_word' id='word_1_64' title='bbox 382 1421 604 1508; x_wconf 78' lang='grc' dir='ltr'><em>σωφροσύνης</em></span> <span class='ocrx_word' id='word_1_65' title='bbox 627 1434 748 1509; x_wconf 82' lang='lat' dir='ltr'>partcm</span> <span class='ocrx_word' id='word_1_66' title='bbox 772 1447 840 1493; x_wconf 88' lang='lat' dir='ltr'>esse</span> <span class='ocrx_word' id='word_1_67' title='bbox 862 1427 959 1493; x_wconf 83' lang='lat' dir='ltr'>Stoici</span> <span class='ocrx_word' id='word_1_68' title='bbox 983 1429 1150 1493; x_wconf 85' lang='lat' dir='ltr'>volucrunt</span> <span class='ocrx_word' id='word_1_69' title='bbox 1172 1421 1326 1506; x_wconf 75' lang='grc' dir='ltr'><strong><em>εὐταξίαν</em></strong></span> 
     </span>
     <span class='ocr_line' id='line_1_11' title="bbox 289 1538 1325 1622; baseline -0.001 -17"><span class='ocrx_word' id='word_1_70' title='bbox 289 1538 387 1620; x_wconf 87' lang='lat' dir='ltr'>(Stob.</span> <span class='ocrx_word' id='word_1_71' title='bbox 413 1539 468 1602; x_wconf 91' lang='lat' dir='ltr'>ecl.</span> <span class='ocrx_word' id='word_1_72' title='bbox 493 1539 556 1604; x_wconf 86' lang='lat' dir='ltr'>eth.</span> <span class='ocrx_word' id='word_1_73' title='bbox 584 1539 667 1621; x_wconf 89' lang='grc'>106).</span> <span class='ocrx_word' id='word_1_74' title='bbox 713 1540 780 1604; x_wconf 90' lang='lat' dir='ltr'>Hac</span> <span class='ocrx_word' id='word_1_75' title='bbox 808 1540 840 1604; x_wconf 90' lang='lat' dir='ltr'>in</span> <span class='ocrx_word' id='word_1_76' title='bbox 869 1560 903 1605; x_wconf 92' lang='lat' dir='ltr'>re</span> <span class='ocrx_word' id='word_1_77' title='bbox 931 1540 1038 1606; x_wconf 84' lang='lat' dir='ltr'>Stoica</span> <span class='ocrx_word' id='word_1_78' title='bbox 1061 1542 1227 1622; x_wconf 83' lang='lat' dir='ltr'>disciplina</span> <span class='ocrx_word' id='word_1_79' title='bbox 1254 1560 1325 1605; x_wconf 92' lang='lat' dir='ltr'>auc-</span> 
     </span>
     <span class='ocr_line' id='line_1_12' title="bbox 287 1651 1324 1737; baseline 0.001 -22"><span class='ocrx_word' id='word_1_80' title='bbox 287 1656 389 1716; x_wconf 90' lang='lat' dir='ltr'>torem</span> <span class='ocrx_word' id='word_1_81' title='bbox 404 1651 545 1716; x_wconf 83' lang='lat' dir='ltr'>Tabulae</span> <span class='ocrx_word' id='word_1_82' title='bbox 567 1652 723 1718; x_wconf 90' lang='lat' dir='ltr'>imbutum</span> <span class='ocrx_word' id='word_1_83' title='bbox 746 1652 844 1718; x_wconf 90' lang='lat' dir='ltr'>fuisse</span> <span class='ocrx_word' id='word_1_84' title='bbox 867 1654 948 1718; x_wconf 90' lang='lat' dir='ltr'>haud</span> <span class='ocrx_word' id='word_1_85' title='bbox 973 1655 1104 1720; x_wconf 89' lang='lat' dir='ltr'>obscure</span> <span class='ocrx_word' id='word_1_86' title='bbox 1124 1655 1324 1737; x_wconf 83' lang='lat' dir='ltr'>perspicitur.</span> 
     </span>
     <span class='ocr_line' id='line_1_13' title="bbox 289 1757 1321 1844; baseline 0.003 -19"><span class='ocrx_word' id='word_1_87' title='bbox 289 1761 482 1826; x_wconf 88' lang='lat' dir='ltr'>Vocabulum</span> <span class='ocrx_word' id='word_1_88' title='bbox 510 1764 593 1828; x_wconf 89' lang='lat' dir='ltr'>enim</span> <span class='ocrx_word' id='word_1_89' title='bbox 627 1765 709 1844; x_wconf 93' lang='lat' dir='ltr'>quod</span> <span class='ocrx_word' id='word_1_90' title='bbox 738 1770 787 1829; x_wconf 91' lang='lat' dir='ltr'>est</span> <span class='ocrx_word' id='word_1_91' title='bbox 814 1757 946 1842; x_wconf 77' lang='grc' dir='ltr'><strong><em>εὐταξία</em></strong></span> <span class='ocrx_word' id='word_1_92' title='bbox 981 1767 1021 1831; x_wconf 90' lang='lat' dir='ltr'>ad</span> <span class='ocrx_word' id='word_1_93' title='bbox 1053 1785 1119 1830; x_wconf 86' lang='lat' dir='ltr'>rem</span> <span class='ocrx_word' id='word_1_94' title='bbox 1152 1767 1321 1831; x_wconf 86' lang='lat' dir='ltr'>militarem</span> 
     </span>
     <span class='ocr_line' id='line_1_14' title="bbox 287 1875 1324 1959; baseline 0.005 -23"><span class='ocrx_word' id='word_1_95' title='bbox 287 1875 380 1953; x_wconf 85' lang='lat' dir='ltr'>vulgo</span> <span class='ocrx_word' id='word_1_96' title='bbox 403 1876 542 1955; x_wconf 88' lang='lat' dir='ltr'>pertinet</span> <span class='ocrx_word' id='word_1_97' title='bbox 565 1877 858 1959; x_wconf 87' lang='lat' dir='ltr'>oboedientiamque</span> <span class='ocrx_word' id='word_1_98' title='bbox 883 1878 992 1942; x_wconf 90' lang='lat' dir='ltr'>militis</span> <span class='ocrx_word' id='word_1_99' title='bbox 1016 1875 1188 1958; x_wconf 81' lang='lat' dir='ltr'>significat,</span> <span class='ocrx_word' id='word_1_100' title='bbox 1214 1878 1272 1958; x_wconf 89' lang='lat' dir='ltr'>vel,</span> <span class='ocrx_word' id='word_1_101' title='bbox 1297 1879 1324 1942; x_wconf 91' lang='lat' dir='ltr'>si</span> 
     </span>
     <span class='ocr_line' id='line_1_15' title="bbox 286 1985 1326 2072; baseline 0.003 -23"><span class='ocrx_word' id='word_1_102' title='bbox 286 1985 382 2051; x_wconf 92' lang='lat' dir='ltr'>latius</span> <span class='ocrx_word' id='word_1_103' title='bbox 410 1993 514 2068; x_wconf 87' lang='lat' dir='ltr'>patet,</span> <span class='ocrx_word' id='word_1_104' title='bbox 547 1989 775 2054; x_wconf 85' lang='lat' dir='ltr'>oboedientiam</span> <span class='ocrx_word' id='word_1_105' title='bbox 806 1987 915 2069; x_wconf 84' lang='lat' dir='ltr'>civis2)</span> <span class='ocrx_word' id='word_1_106' title='bbox 945 2009 1046 2072; x_wconf 89' lang='lat' dir='ltr'>neque</span> <span class='ocrx_word' id='word_1_107' title='bbox 1075 1989 1326 2071; x_wconf 87' lang='lat' dir='ltr'>aXenophoute</span> 
     </span>
     <span class='ocr_line' id='line_1_16' title="bbox 287 2098 1325 2182; baseline 0.004 -20"><span class='ocrx_word' id='word_1_108' title='bbox 287 2099 454 2163; x_wconf 89' lang='lat' dir='ltr'>adhibetur</span> <span class='ocrx_word' id='word_1_109' title='bbox 477 2100 539 2165; x_wconf 88' lang='lat' dir='ltr'>nisi</span> <span class='ocrx_word' id='word_1_110' title='bbox 556 2099 615 2164; x_wconf 91' lang='lat' dir='ltr'>hac</span> <span class='ocrx_word' id='word_1_111' title='bbox 636 2098 805 2181; x_wconf 86' lang='lat' dir='ltr'>notione³).</span> <span class='ocrx_word' id='word_1_112' title='bbox 844 2100 1106 2182; x_wconf 88' lang='lat' dir='ltr'>Philosophorum</span> <span class='ocrx_word' id='word_1_113' title='bbox 1122 2102 1325 2182; x_wconf 87' lang='lat' dir='ltr'>supellectilis</span> 
     </span>
     <span class='ocr_line' id='line_1_17' title="bbox 287 2210 1323 2294; baseline 0.002 -20"><span class='ocrx_word' id='word_1_114' title='bbox 287 2210 344 2275; x_wconf 93' lang='lat' dir='ltr'>hoc</span> <span class='ocrx_word' id='word_1_115' title='bbox 356 2213 542 2278; x_wconf 88' lang='lat' dir='ltr'>vocabulum</span> <span class='ocrx_word' id='word_1_116' title='bbox 556 2212 674 2277; x_wconf 90' lang='lat' dir='ltr'>factum</span> <span class='ocrx_word' id='word_1_117' title='bbox 687 2210 890 2294; x_wconf 85' lang='lat' dir='ltr'>definitioque</span> <span class='ocrx_word' id='word_1_118' title='bbox 901 2214 930 2278; x_wconf 87' lang='lat' dir='ltr'>ei</span> <span class='ocrx_word' id='word_1_119' title='bbox 942 2213 1067 2279; x_wconf 86' lang='lat' dir='ltr'>admota</span> <span class='ocrx_word' id='word_1_120' title='bbox 1079 2219 1128 2279; x_wconf 87' lang='lat' dir='ltr'>est</span> <span class='ocrx_word' id='word_1_121' title='bbox 1140 2233 1159 2278; x_wconf 91' lang='lat' dir='ltr'>a</span> <span class='ocrx_word' id='word_1_122' title='bbox 1169 2213 1281 2278; x_wconf 86' lang='lat' dir='ltr'>Stoicis</span> <span class='ocrx_word' id='word_1_123' title='bbox 1287 2212 1323 2294; x_wconf 71' lang='lat' dir='ltr'>l).</span> 
     </span>
    </p>
   </div>
   <div class='ocr_carea' id='block_1_3' title="bbox 285 2355 457 2364">
    <p class='ocr_par' dir='ltr' id='par_1_4' title="bbox 285 2355 457 2364">
     <span class='ocr_line' id='line_1_18' title="bbox 285 2355 457 2364; baseline 0.012 -3"><span class='ocrx_word' id='word_1_124' title='bbox 285 2355 457 2364; x_wconf 47' lang='grc' dir='ltr'>ὴ...-</span> 
     </span>
    </p>
   </div>
   <div class='ocr_carea' id='block_1_4' title="bbox 282 2417 1326 3609">
    <p class='ocr_par' dir='ltr' id='par_1_5' title="bbox 285 2417 1326 2817">
     <span class='ocr_line' id='line_1_19' title="bbox 374 2417 1326 2488; baseline -0.003 -15"><span class='ocrx_word' id='word_1_125' title='bbox 374 2419 396 2484; x_wconf 76' lang='lat'>¹)</span> <span class='ocrx_word' id='word_1_126' title='bbox 414 2419 590 2486; x_wconf 83' lang='lat' dir='ltr'>Neglegentia</span> <span class='ocrx_word' id='word_1_127' title='bbox 608 2419 721 2487; x_wconf 91' lang='lat' dir='ltr'>quadam</span> <span class='ocrx_word' id='word_1_128' title='bbox 741 2418 844 2474; x_wconf 81' lang='lat' dir='ltr'>Cebetis</span> <span class='ocrx_word' id='word_1_129' title='bbox 862 2420 901 2488; x_wconf 91' lang='lat' dir='ltr'>fit,</span> <span class='ocrx_word' id='word_1_130' title='bbox 920 2427 950 2474; x_wconf 92' lang='lat' dir='ltr'>nt</span> <span class='ocrx_word' id='word_1_131' title='bbox 967 2420 1043 2473; x_wconf 90' lang='lat' dir='ltr'>binas</span> <span class='ocrx_word' id='word_1_132' title='bbox 1065 2425 1157 2487; x_wconf 87' lang='lat' dir='ltr'>partes</span> <span class='ocrx_word' id='word_1_133' title='bbox 1175 2419 1201 2470; x_wconf 90' lang='lat' dir='ltr'>in</span> <span class='ocrx_word' id='word_1_134' title='bbox 1221 2417 1326 2471; x_wconf 87' lang='lat' dir='ltr'>Tabula</span> 
     </span>
     <span class='ocr_line' id='line_1_20' title="bbox 285 2497 1325 2574; baseline -0.005 -14"><span class='ocrx_word' id='word_1_135' title='bbox 285 2514 349 2572; x_wconf 77' lang='lat' dir='ltr'>agat</span> <span class='ocrx_word' id='word_1_136' title='bbox 366 2497 541 2574; x_wconf 79' lang='grc' dir='ltr'><strong><em>Ἐγκράτεια.</em></strong></span> <span class='ocrx_word' id='word_1_137' title='bbox 577 2507 694 2559; x_wconf 89' lang='lat' dir='ltr'>Primum</span> <span class='ocrx_word' id='word_1_138' title='bbox 713 2506 782 2560; x_wconf 85' lang='lat' dir='ltr'>enim</span> <span class='ocrx_word' id='word_1_139' title='bbox 804 2509 834 2559; x_wconf 88' lang='grc'>16</span> <span class='ocrx_word' id='word_1_140' title='bbox 858 2508 932 2560; x_wconf 90' lang='lat' dir='ltr'>iuvat</span> <span class='ocrx_word' id='word_1_141' title='bbox 955 2506 1075 2560; x_wconf 88' lang='lat' dir='ltr'>homines</span> <span class='ocrx_word' id='word_1_142' title='bbox 1093 2506 1126 2561; x_wconf 93' lang='lat' dir='ltr'>ad</span> <span class='ocrx_word' id='word_1_143' title='bbox 1149 2521 1237 2559; x_wconf 87' lang='lat' dir='ltr'>veram</span> <span class='ocrx_word' id='word_1_144' title='bbox 1259 2505 1325 2556; x_wconf 79' lang='lat' dir='ltr'>Eru-</span> 
     </span>
     <span class='ocr_line' id='line_1_21' title="bbox 286 2591 1324 2660; baseline -0.001 -17"><span class='ocrx_word' id='word_1_145' title='bbox 286 2591 413 2646; x_wconf 89' lang='lat' dir='ltr'>ditionem</span> <span class='ocrx_word' id='word_1_146' title='bbox 432 2591 613 2647; x_wconf 88' lang='lat' dir='ltr'>ascendentes.</span> <span class='ocrx_word' id='word_1_147' title='bbox 650 2592 751 2646; x_wconf 86' lang='lat' dir='ltr'>Deinde</span> <span class='ocrx_word' id='word_1_148' title='bbox 776 2595 841 2660; x_wconf 84' lang='lat'>20,3</span> <span class='ocrx_word' id='word_1_149' title='bbox 866 2594 892 2645; x_wconf 92' lang='lat' dir='ltr'>in</span> <span class='ocrx_word' id='word_1_150' title='bbox 917 2593 1035 2660; x_wconf 89' lang='lat' dir='ltr'>ipsarum</span> <span class='ocrx_word' id='word_1_151' title='bbox 1055 2593 1190 2646; x_wconf 88' lang='lat' dir='ltr'>Virtutum</span> <span class='ocrx_word' id='word_1_152' title='bbox 1215 2605 1324 2643; x_wconf 90' lang='lat' dir='ltr'>numero</span> 
     </span>
     <span class='ocr_line' id='line_1_22' title="bbox 285 2677 1325 2747; baseline -0.001 -18"><span class='ocrx_word' id='word_1_153' title='bbox 285 2685 412 2745; x_wconf 85' lang='lat' dir='ltr'>apparot,</span> <span class='ocrx_word' id='word_1_154' title='bbox 439 2678 474 2731; x_wconf 85' lang='lat' dir='ltr'>ad</span> <span class='ocrx_word' id='word_1_155' title='bbox 503 2694 569 2746; x_wconf 88' lang='lat' dir='ltr'>quas</span> <span class='ocrx_word' id='word_1_156' title='bbox 596 2679 748 2747; x_wconf 87' lang='lat' dir='ltr'>pervenies,</span> <span class='ocrx_word' id='word_1_157' title='bbox 776 2685 915 2746; x_wconf 83' lang='lat' dir='ltr'>postquam</span> <span class='ocrx_word' id='word_1_158' title='bbox 934 2694 1023 2732; x_wconf 84' lang='lat' dir='ltr'>veram</span> <span class='ocrx_word' id='word_1_159' title='bbox 1041 2677 1226 2731; x_wconf 86' lang='lat' dir='ltr'>Eruditionem</span> <span class='ocrx_word' id='word_1_160' title='bbox 1249 2691 1325 2743; x_wconf 86' lang='lat' dir='ltr'>prae-</span> 
     </span>
     <span class='ocr_line' id='line_1_23' title="bbox 285 2763 399 2817; baseline -0.018 0"><span class='ocrx_word' id='word_1_161' title='bbox 285 2763 399 2817; x_wconf 83' lang='lat' dir='ltr'>terioris.</span> 
     </span>
    </p>

    <p class='ocr_par' dir='ltr' id='par_1_6' title="bbox 372 2848 1003 2918">
     <span class='ocr_line' id='line_1_24' title="bbox 372 2848 1003 2918; baseline -0.006 -14"><span class='ocrx_word' id='word_1_162' title='bbox 372 2848 395 2916; x_wconf 81' lang='lat'>²)</span> <span class='ocrx_word' id='word_1_163' title='bbox 414 2850 448 2904; x_wconf 85' lang='lat' dir='ltr'>cl.</span> <span class='ocrx_word' id='word_1_164' title='bbox 467 2850 594 2918; x_wconf 84' lang='lat' dir='ltr'>Schmidt,</span> <span class='ocrx_word' id='word_1_165' title='bbox 612 2850 697 2904; x_wconf 80' lang='lat' dir='ltr'>Etnik</span> <span class='ocrx_word' id='word_1_166' title='bbox 716 2852 739 2903; x_wconf 90' lang='lat' dir='ltr'>d.</span> <span class='ocrx_word' id='word_1_167' title='bbox 758 2850 829 2904; x_wconf 89' lang='lat' dir='ltr'>alten</span> <span class='ocrx_word' id='word_1_168' title='bbox 849 2849 894 2904; x_wconf 85' lang='lat' dir='ltr'>Gr.</span> <span class='ocrx_word' id='word_1_169' title='bbox 912 2850 925 2902; x_wconf 93' lang='lat' dir='ltr'>I</span> <span class='ocrx_word' id='word_1_170' title='bbox 944 2851 1003 2902; x_wconf 88' lang='grc'><strong>314.</strong></span> 
     </span>
    </p>

    <p class='ocr_par' dir='ltr' id='par_1_7' title="bbox 287 2933 1323 3090">
     <span class='ocr_line' id='line_1_25' title="bbox 373 2933 1323 3004; baseline -0.001 -17"><span class='ocrx_word' id='word_1_171' title='bbox 373 2933 393 3002; x_wconf 77' lang='lat'>⁸)</span> <span class='ocrx_word' id='word_1_172' title='bbox 413 2935 492 3004; x_wconf 88' lang='lat' dir='ltr'>Apud</span> <span class='ocrx_word' id='word_1_173' title='bbox 510 2935 648 2989; x_wconf 88' lang='lat' dir='ltr'>Platonem</span> <span class='ocrx_word' id='word_1_174' title='bbox 667 2936 717 2990; x_wconf 94' lang='lat' dir='ltr'>hoc</span> <span class='ocrx_word' id='word_1_175' title='bbox 735 2936 892 2990; x_wconf 88' lang='lat' dir='ltr'>vocabulum</span> <span class='ocrx_word' id='word_1_176' title='bbox 920 2952 972 2989; x_wconf 90' lang='lat' dir='ltr'>nou</span> <span class='ocrx_word' id='word_1_177' title='bbox 997 2935 1127 3001; x_wconf 89' lang='lat' dir='ltr'>occurrit;</span> <span class='ocrx_word' id='word_1_178' title='bbox 1156 2933 1323 2986; x_wconf 88' lang='lat' dir='ltr'>definitiones</span> 
     </span>
     <span class='ocr_line' id='line_1_26' title="bbox 287 3021 1323 3090; baseline 0 -17"><span class='ocrx_word' id='word_1_179' title='bbox 287 3022 355 3074; x_wconf 90' lang='lat' dir='ltr'>enim</span> <span class='ocrx_word' id='word_1_180' title='bbox 368 3027 395 3075; x_wconf 91' lang='lat' dir='ltr'>et</span> <span class='ocrx_word' id='word_1_181' title='bbox 406 3022 429 3076; x_wconf 89' lang='lat' dir='ltr'>is</span> <span class='ocrx_word' id='word_1_182' title='bbox 446 3022 574 3090; x_wconf 82' lang='lat' dir='ltr'>dialogus,</span> <span class='ocrx_word' id='word_1_183' title='bbox 592 3022 637 3090; x_wconf 91' lang='lat' dir='ltr'>qui</span> <span class='ocrx_word' id='word_1_184' title='bbox 657 3022 806 3076; x_wconf 85' lang='lat' dir='ltr'>Alcibiades</span> <span class='ocrx_word' id='word_1_185' title='bbox 825 3023 846 3076; x_wconf 94' lang='lat'>1.</span> <span class='ocrx_word' id='word_1_186' title='bbox 864 3022 1028 3090; x_wconf 88' lang='lat' dir='ltr'>inscribitur,</span> <span class='ocrx_word' id='word_1_187' title='bbox 1047 3021 1162 3089; x_wconf 85' lang='lat' dir='ltr'>genuina</span> <span class='ocrx_word' id='word_1_188' title='bbox 1178 3036 1232 3073; x_wconf 91' lang='lat' dir='ltr'>uon</span> <span class='ocrx_word' id='word_1_189' title='bbox 1253 3025 1323 3074; x_wconf 90' lang='lat' dir='ltr'>sunt.</span> 
     </span>
    </p>

    <p class='ocr_par' dir='ltr' id='par_1_8' title="bbox 282 3099 1324 3609">
     <span class='ocr_line' id='line_1_27' title="bbox 370 3099 1323 3182; baseline -0.005 -19"><span class='ocrx_word' id='word_1_190' title='bbox 370 3105 392 3176; x_wconf 66' lang='grc'>4)</span> <span class='ocrx_word' id='word_1_191' title='bbox 411 3108 569 3176; x_wconf 84' lang='lat' dir='ltr'>Voluptates</span> <span class='ocrx_word' id='word_1_192' title='bbox 587 3100 705 3182; x_wconf 74' lang='grc' dir='ltr'><strong><em>εὐταξίᾳ</em></strong></span> <span class='ocrx_word' id='word_1_193' title='bbox 727 3109 857 3178; x_wconf 81' lang='lat' dir='ltr'>coerceri,</span> <span class='ocrx_word' id='word_1_194' title='bbox 881 3109 920 3162; x_wconf 89' lang='lat' dir='ltr'>ita</span> <span class='ocrx_word' id='word_1_195' title='bbox 945 3113 975 3160; x_wconf 96' lang='lat' dir='ltr'>ut</span> <span class='ocrx_word' id='word_1_196' title='bbox 1001 3099 1117 3172; x_wconf 83' lang='grc' dir='ltr'><strong><em>εὐταξία</em></strong></span> <span class='ocrx_word' id='word_1_197' title='bbox 1136 3105 1224 3160; x_wconf 87' lang='lat' dir='ltr'>eadem</span> <span class='ocrx_word' id='word_1_198' title='bbox 1242 3105 1323 3158; x_wconf 88' lang='lat' dir='ltr'>inter·</span> 
     </span>
     <span class='ocr_line' id='line_1_28' title="bbox 284 3190 1324 3266; baseline -0.004 -18"><span class='ocrx_word' id='word_1_199' title='bbox 284 3194 417 3262; x_wconf 81' lang='lat' dir='ltr'>pretends</span> <span class='ocrx_word' id='word_1_200' title='bbox 435 3196 470 3249; x_wconf 90' lang='lat' dir='ltr'>sit</span> <span class='ocrx_word' id='word_1_201' title='bbox 488 3202 567 3265; x_wconf 89' lang='lat' dir='ltr'>atque</span> <span class='ocrx_word' id='word_1_202' title='bbox 586 3190 772 3266; x_wconf 74' lang='grc' dir='ltr'><strong><em>σωφροσύνη,</em></strong></span> <span class='ocrx_word' id='word_1_203' title='bbox 798 3197 892 3250; x_wconf 87' lang='lat' dir='ltr'>statuit</span> <span class='ocrx_word' id='word_1_204' title='bbox 911 3196 1016 3263; x_wconf 65' lang='lat' dir='ltr'>Oratam</span> <span class='ocrx_word' id='word_1_205' title='bbox 1042 3194 1075 3248; x_wconf 84' lang='lat' dir='ltr'>cf.</span> <span class='ocrx_word' id='word_1_206' title='bbox 1093 3191 1234 3247; x_wconf 88' lang='lat' dir='ltr'>Jamblich.</span> <span class='ocrx_word' id='word_1_207' title='bbox 1253 3192 1324 3258; x_wconf 89' lang='lat' dir='ltr'>apud</span> 
     </span>
     <span class='ocr_line' id='line_1_29' title="bbox 283 3279 1318 3350; baseline -0.002 -17"><span class='ocrx_word' id='word_1_208' title='bbox 283 3279 357 3334; x_wconf 87' lang='lat' dir='ltr'>Stoh.</span> <span class='ocrx_word' id='word_1_209' title='bbox 372 3283 397 3347; x_wconf 80' lang='grc' dir='ltr'>ὃ,</span> <span class='ocrx_word' id='word_1_210' title='bbox 406 3282 448 3333; x_wconf 86' lang='grc'>63.</span> <span class='ocrx_word' id='word_1_211' title='bbox 474 3280 623 3336; x_wconf 83' lang='lat' dir='ltr'>Stoicorum</span> <span class='ocrx_word' id='word_1_212' title='bbox 634 3281 813 3336; x_wconf 88' lang='lat' dir='ltr'>definitionem</span> <span class='ocrx_word' id='word_1_213' title='bbox 826 3281 928 3350; x_wconf 88' lang='lat' dir='ltr'>profert</span> <span class='ocrx_word' id='word_1_214' title='bbox 941 3281 1034 3334; x_wconf 84' lang='lat' dir='ltr'>Cicero</span> <span class='ocrx_word' id='word_1_215' title='bbox 1044 3279 1077 3334; x_wconf 94' lang='lat' dir='ltr'>de</span> <span class='ocrx_word' id='word_1_216' title='bbox 1087 3279 1129 3334; x_wconf 85' lang='lat' dir='ltr'>off.</span> <span class='ocrx_word' id='word_1_217' title='bbox 1141 3280 1154 3332; x_wconf 93' lang='grc' dir='ltr'>Ι</span> <span class='ocrx_word' id='word_1_218' title='bbox 1166 3281 1209 3346; x_wconf 81' lang='grc'>40,</span> <span class='ocrx_word' id='word_1_219' title='bbox 1219 3279 1281 3332; x_wconf 82' lang='lat'>142:</span> <span class='ocrx_word' id='word_1_220' title='bbox 1296 3319 1318 3332; x_wconf 91' lang='lat'>..</span> 
     </span>
     <span class='ocr_line' id='line_1_30' title="bbox 284 3357 1318 3436; baseline -0.001 -18"><span class='ocrx_word' id='word_1_221' title='bbox 284 3365 356 3419; x_wconf 89' lang='lat' dir='ltr'>Haec</span> <span class='ocrx_word' id='word_1_222' title='bbox 369 3373 457 3419; x_wconf 88' lang='lat' dir='ltr'>autem</span> <span class='ocrx_word' id='word_1_223' title='bbox 470 3367 581 3422; x_wconf 84' lang='lat' dir='ltr'>scientia</span> <span class='ocrx_word' id='word_1_224' title='bbox 591 3369 740 3423; x_wconf 86' lang='lat' dir='ltr'>continetur</span> <span class='ocrx_word' id='word_1_225' title='bbox 754 3383 794 3436; x_wconf 84' lang='lat' dir='ltr'>ea,</span> <span class='ocrx_word' id='word_1_226' title='bbox 813 3384 892 3436; x_wconf 91' lang='lat' dir='ltr'>quam</span> <span class='ocrx_word' id='word_1_227' title='bbox 907 3367 1001 3421; x_wconf 88' lang='lat' dir='ltr'>Graeci</span> <span class='ocrx_word' id='word_1_228' title='bbox 1016 3357 1150 3430; x_wconf 83' lang='grc' dir='ltr'><strong><em>εὐταξίαν</em></strong></span> <span class='ocrx_word' id='word_1_229' title='bbox 1168 3367 1318 3419; x_wconf 84' lang='lat' dir='ltr'>nominant:</span> 
     </span>
     <span class='ocr_line' id='line_1_31' title="bbox 282 3449 1321 3522; baseline 0 -20"><span class='ocrx_word' id='word_1_230' title='bbox 282 3465 335 3503; x_wconf 92' lang='lat' dir='ltr'>non</span> <span class='ocrx_word' id='word_1_231' title='bbox 353 3449 431 3517; x_wconf 87' lang='lat' dir='ltr'>hanc,</span> <span class='ocrx_word' id='word_1_232' title='bbox 444 3468 524 3519; x_wconf 82' lang='lat' dir='ltr'>quam</span> <span class='ocrx_word' id='word_1_233' title='bbox 536 3454 743 3522; x_wconf 84' lang='lat' dir='ltr'>interpretamur</span> <span class='ocrx_word' id='word_1_234' title='bbox 754 3452 919 3520; x_wconf 87' lang='lat' dir='ltr'>modestiam,</span> <span class='ocrx_word' id='word_1_235' title='bbox 933 3468 985 3520; x_wconf 92' lang='lat' dir='ltr'>quo</span> <span class='ocrx_word' id='word_1_236' title='bbox 997 3451 1024 3504; x_wconf 93' lang='lat' dir='ltr'>in</span> <span class='ocrx_word' id='word_1_237' title='bbox 1036 3450 1119 3504; x_wconf 85' lang='lat' dir='ltr'>verbo</span> <span class='ocrx_word' id='word_1_238' title='bbox 1132 3450 1226 3506; x_wconf 88' lang='lat' dir='ltr'>modus</span> <span class='ocrx_word' id='word_1_239' title='bbox 1238 3451 1321 3504; x_wconf 88' lang='lat' dir='ltr'>inest:</span> 
     </span>
     <span class='ocr_line' id='line_1_32' title="bbox 284 3529 1324 3609; baseline -0.001 -19"><span class='ocrx_word' id='word_1_240' title='bbox 284 3542 325 3590; x_wconf 90' lang='lat' dir='ltr'>set</span> <span class='ocrx_word' id='word_1_241' title='bbox 343 3536 390 3590; x_wconf 87' lang='lat' dir='ltr'>illo</span> <span class='ocrx_word' id='word_1_242' title='bbox 408 3543 448 3591; x_wconf 86' lang='lat' dir='ltr'>est</span> <span class='ocrx_word' id='word_1_243' title='bbox 467 3529 594 3608; x_wconf 75' lang='grc' dir='ltr'><strong><em>εὐταξία,</em></strong></span> <span class='ocrx_word' id='word_1_244' title='bbox 612 3540 638 3594; x_wconf 91' lang='lat' dir='ltr'>in</span> <span class='ocrx_word' id='word_1_245' title='bbox 657 3557 709 3609; x_wconf 87' lang='lat' dir='ltr'>qua</span> <span class='ocrx_word' id='word_1_246' title='bbox 721 3541 883 3608; x_wconf 83' lang='lat' dir='ltr'>intellegitur</span> <span class='ocrx_word' id='word_1_247' title='bbox 895 3538 995 3593; x_wconf 89' lang='lat' dir='ltr'>ordinis</span> <span class='ocrx_word' id='word_1_248' title='bbox 1013 3539 1188 3592; x_wconf 84' lang='lat' dir='ltr'>conservatio.</span> <span class='ocrx_word' id='word_1_249' title='bbox 1228 3539 1324 3606; x_wconf 88' lang='lat' dir='ltr'>ltaque</span> 
     </span>
    </p>
   </div>
   <div class='ocr_carea' id='block_1_5' title="bbox 282 3624 1323 4214">
    <p class='ocr_par' dir='ltr' id='par_1_9' title="bbox 282 3624 1323 4214">
     <span class='ocr_line' id='line_1_33' title="bbox 283 3624 1323 3696; baseline 0.001 -21"><span class='ocrx_word' id='word_1_250' title='bbox 283 3630 312 3677; x_wconf 90' lang='lat' dir='ltr'>ut</span> <span class='ocrx_word' id='word_1_251' title='bbox 325 3624 433 3678; x_wconf 88' lang='lat' dir='ltr'>eandem</span> <span class='ocrx_word' id='word_1_252' title='bbox 446 3640 494 3680; x_wconf 92' lang='lat' dir='ltr'>nos</span> <span class='ocrx_word' id='word_1_253' title='bbox 506 3627 663 3682; x_wconf 87' lang='lat' dir='ltr'>modestiam</span> <span class='ocrx_word' id='word_1_254' title='bbox 682 3628 853 3696; x_wconf 89' lang='lat' dir='ltr'>appellemus,</span> <span class='ocrx_word' id='word_1_255' title='bbox 871 3626 909 3681; x_wconf 86' lang='lat' dir='ltr'>sic</span> <span class='ocrx_word' id='word_1_256' title='bbox 926 3625 1052 3680; x_wconf 84' lang='lat' dir='ltr'>definitur</span> <span class='ocrx_word' id='word_1_257' title='bbox 1069 3624 1203 3693; x_wconf 87' lang='lat' dir='ltr'>aStoicis,</span> <span class='ocrx_word' id='word_1_258' title='bbox 1221 3630 1250 3678; x_wconf 91' lang='lat' dir='ltr'>ut</span> <span class='ocrx_word' id='word_1_259' title='bbox 1268 3639 1323 3677; x_wconf 92' lang='lat' dir='ltr'>mo-</span> 
     </span>
     <span class='ocr_line' id='line_1_34' title="bbox 284 3708 1323 3781; baseline -0.002 -18"><span class='ocrx_word' id='word_1_260' title='bbox 284 3708 368 3764; x_wconf 84' lang='lat' dir='ltr'>destia</span> <span class='ocrx_word' id='word_1_261' title='bbox 386 3711 420 3765; x_wconf 86' lang='lat' dir='ltr'>sit</span> <span class='ocrx_word' id='word_1_262' title='bbox 438 3711 550 3766; x_wconf 88' lang='lat' dir='ltr'>scientia</span> <span class='ocrx_word' id='word_1_263' title='bbox 569 3726 657 3767; x_wconf 88' lang='lat' dir='ltr'>rerum</span> <span class='ocrx_word' id='word_1_264' title='bbox 675 3728 780 3780; x_wconf 89' lang='lat' dir='ltr'>earum,</span> <span class='ocrx_word' id='word_1_265' title='bbox 806 3726 874 3781; x_wconf 88' lang='lat' dir='ltr'>quae</span> <span class='ocrx_word' id='word_1_266' title='bbox 896 3718 1010 3779; x_wconf 81' lang='lat' dir='ltr'>agentur</span> <span class='ocrx_word' id='word_1_267' title='bbox 1033 3717 1081 3764; x_wconf 88' lang='lat' dir='ltr'>aut</span> <span class='ocrx_word' id='word_1_268' title='bbox 1105 3709 1240 3778; x_wconf 87' lang='lat' dir='ltr'>dicentur,</span> <span class='ocrx_word' id='word_1_269' title='bbox 1264 3709 1323 3762; x_wconf 93' lang='lat' dir='ltr'>loco</span> 
     </span>
     <span class='ocr_line' id='line_1_35' title="bbox 282 3787 1323 3868; baseline -0.001 -20"><span class='ocrx_word' id='word_1_270' title='bbox 282 3811 331 3850; x_wconf 91' lang='lat' dir='ltr'>suo</span> <span class='ocrx_word' id='word_1_271' title='bbox 347 3796 569 3852; x_wconf 86' lang='lat' dir='ltr'>collocandorum.</span> <span class='ocrx_word' id='word_1_272' title='bbox 594 3793 775 3868; x_wconf 82' lang='grc' dir='ltr'><strong><em>Σωφροσύνη</em></strong></span> <span class='ocrx_word' id='word_1_273' title='bbox 787 3797 940 3865; x_wconf 82' lang='lat' dir='ltr'>adiungitur</span> <span class='ocrx_word' id='word_1_274' title='bbox 959 3787 1076 3861; x_wconf 75' lang='grc' dir='ltr'><strong><em>εὐταξία</em></strong></span> <span class='ocrx_word' id='word_1_275' title='bbox 1094 3795 1172 3849; x_wconf 88' lang='lat' dir='ltr'>etiam</span> <span class='ocrx_word' id='word_1_276' title='bbox 1191 3796 1226 3849; x_wconf 88' lang='lat' dir='ltr'>ab</span> <span class='ocrx_word' id='word_1_277' title='bbox 1244 3795 1323 3862; x_wconf 83' lang='lat' dir='ltr'>Epic·</span> 
     </span>
     <span class='ocr_line' id='line_1_36' title="bbox 282 3881 1323 3954; baseline 0.001 -20"><span class='ocrx_word' id='word_1_278' title='bbox 282 3889 337 3936; x_wconf 86' lang='lat' dir='ltr'>teto</span> <span class='ocrx_word' id='word_1_279' title='bbox 350 3883 422 3951; x_wconf 84' lang='lat' dir='ltr'>apud</span> <span class='ocrx_word' id='word_1_280' title='bbox 439 3883 514 3939; x_wconf 87' lang='lat' dir='ltr'>Stoh.</span> <span class='ocrx_word' id='word_1_281' title='bbox 528 3887 596 3952; x_wconf 80' lang='lat'>5,92.</span> <span class='ocrx_word' id='word_1_282' title='bbox 633 3885 764 3954; x_wconf 84' lang='lat' dir='ltr'>Didymus</span> <span class='ocrx_word' id='word_1_283' title='bbox 776 3885 862 3953; x_wconf 85' lang='lat' dir='ltr'>(Mull.</span> <span class='ocrx_word' id='word_1_284' title='bbox 875 3884 903 3937; x_wconf 94' lang='lat' dir='ltr'>II</span> <span class='ocrx_word' id='word_1_285' title='bbox 915 3901 942 3951; x_wconf 90' lang='lat' dir='ltr'>p.</span> <span class='ocrx_word' id='word_1_286' title='bbox 951 3885 995 3952; x_wconf 81' lang='lat'>68)</span> <span class='ocrx_word' id='word_1_287' title='bbox 1007 3881 1090 3936; x_wconf 90' lang='lat' dir='ltr'>tradit</span> <span class='ocrx_word' id='word_1_288' title='bbox 1103 3882 1253 3937; x_wconf 87' lang='lat' dir='ltr'>Stoicorum</span> <span class='ocrx_word' id='word_1_289' title='bbox 1266 3897 1323 3937; x_wconf 89' lang='lat' dir='ltr'>sen-</span> 
     </span>
     <span class='ocr_line' id='line_1_37' title="bbox 282 3961 1322 4039; baseline -0.001 -18"><span class='ocrx_word' id='word_1_290' title='bbox 282 3969 365 4022; x_wconf 84' lang='lat' dir='ltr'>tentia</span> <span class='ocrx_word' id='word_1_291' title='bbox 383 3961 506 4023; x_wconf 74' lang='grc' dir='ltr'><strong><em>εἱλωτείαν</em></strong></span> <span class='ocrx_word' id='word_1_292' title='bbox 524 3989 554 4024; x_wconf 82' lang='grc' dir='ltr'>τε</span> <span class='ocrx_word' id='word_1_293' title='bbox 573 3969 621 4024; x_wconf 77' lang='grc' dir='ltr'>καί</span> <span class='ocrx_word' id='word_1_294' title='bbox 647 3963 781 4039; x_wconf 84' lang='grc' dir='ltr'><strong><em>εὐταξίαν</em></strong></span> <span class='ocrx_word' id='word_1_295' title='bbox 805 3965 854 4033; x_wconf 77' lang='grc' dir='ltr'>τὰς</span> <span class='ocrx_word' id='word_1_296' title='bbox 881 3961 970 4030; x_wconf 78' lang='grc' dir='ltr'><strong><em>αὐτὰς</em></strong></span> <span class='ocrx_word' id='word_1_297' title='bbox 996 3965 1070 4020; x_wconf 82' lang='grc' dir='ltr'><strong><em>εἶναι</em></strong></span> <span class='ocrx_word' id='word_1_298' title='bbox 1088 3968 1121 4038; x_wconf 84' lang='grc' dir='ltr'>τῇ</span> <span class='ocrx_word' id='word_1_299' title='bbox 1143 3961 1322 4038; x_wconf 81' lang='grc' dir='ltr'><strong><em>σωφροσύνη.</em></strong></span> 
     </span>
     <span class='ocr_line' id='line_1_38' title="bbox 282 4049 1323 4128; baseline 0 -21"><span class='ocrx_word' id='word_1_300' title='bbox 282 4054 486 4122; x_wconf 80' lang='lat' dir='ltr'>(Peripateticos</span> <span class='ocrx_word' id='word_1_301' title='bbox 503 4059 574 4126; x_wconf 89' lang='lat' dir='ltr'>ipsos</span> <span class='ocrx_word' id='word_1_302' title='bbox 596 4075 702 4128; x_wconf 90' lang='lat' dir='ltr'>quoque</span> <span class='ocrx_word' id='word_1_303' title='bbox 721 4059 834 4113; x_wconf 84' lang='lat' dir='ltr'>voluisse</span> <span class='ocrx_word' id='word_1_304' title='bbox 853 4049 987 4122; x_wconf 82' lang='grc' dir='ltr'><strong><em>εὐταξίαν</em></strong></span> <span class='ocrx_word' id='word_1_305' title='bbox 1005 4054 1038 4108; x_wconf 91' lang='lat' dir='ltr'>ad</span> <span class='ocrx_word' id='word_1_306' title='bbox 1057 4050 1246 4123; x_wconf 77' lang='grc' dir='ltr'><strong><em>σωφροσύνην</em></strong></span> <span class='ocrx_word' id='word_1_307' title='bbox 1264 4069 1323 4122; x_wconf 90' lang='lat' dir='ltr'>per-</span> 
     </span>
     <span class='ocr_line' id='line_1_39' title="bbox 282 4140 925 4214; baseline 0.003 -18"><span class='ocrx_word' id='word_1_308' title='bbox 282 4140 367 4196; x_wconf 84' lang='lat' dir='ltr'>tinere</span> <span class='ocrx_word' id='word_1_309' title='bbox 386 4143 462 4197; x_wconf 86' lang='lat' dir='ltr'>testis</span> <span class='ocrx_word' id='word_1_310' title='bbox 481 4151 520 4199; x_wconf 87' lang='lat' dir='ltr'>est</span> <span class='ocrx_word' id='word_1_311' title='bbox 540 4145 666 4214; x_wconf 79' lang='lat' dir='ltr'>Didymus</span> <span class='ocrx_word' id='word_1_312' title='bbox 685 4145 762 4199; x_wconf 91' lang='lat' dir='ltr'>Mull.</span> <span class='ocrx_word' id='word_1_313' title='bbox 781 4146 809 4198; x_wconf 93' lang='lat' dir='ltr'>II</span> <span class='ocrx_word' id='word_1_314' title='bbox 827 4161 853 4212; x_wconf 90' lang='lat' dir='ltr'>p.</span> <span class='ocrx_word' id='word_1_315' title='bbox 872 4143 925 4210; x_wconf 87' lang='grc'>99.)</span> 
     </span>
    </p>
   </div>
   <div class='ocr_carea' id='block_1_6' title="bbox 0 0 1566 4870">
    <p class='ocr_par' dir='ltr' id='par_1_10' title="bbox 0 0 1566 4870">
     <span class='ocr_line' id='line_1_40' title="bbox 0 0 1566 4870; baseline 0 2"><span class='ocrx_word' id='word_1_316' title='bbox 0 0 1566 4870; x_wconf 95' lang='lat' dir='ltr'> </span> 
     </span>
    </p>
   </div>
  </div>
 </body>
</html>
