3132 4874
617 309 831 368 ..43-

208 485 239 543 et
262 497 406 559 nequam,
430 481 514 544 bona
529 480 737 545 existimanda
753 499 815 545 non
832 487 914 547 sunt.
950 479 1100 562 Sequitur
1117 482 1244 548 divitias

207 608 225 653 e
242 591 395 654 bonorum
412 609 541 655 numero
557 608 625 656 esse
640 591 837 670 eximendae,
862 611 887 658 c.
905 600 961 658 41:
985 586 1066 658 οὐδὲ
1081 585 1244 676 ὑπάρχειν

207 695 274 782 ἅμα
296 703 341 787 τῷ
366 692 456 788 αὐτῷ
480 697 622 767 δύναται
644 721 691 785 sq.

294 813 331 876 In
356 830 392 876 ea
420 816 705 894 argumentatione,
728 835 809 898 quae
832 817 1013 882 continetur
1036 835 1061 881 c.
1087 821 1126 881 36
1143 822 1175 881 et
1192 822 1243 895 37,

209 923 320 987 iterum
344 925 481 989 occurrit
504 926 572 1003 illa,
603 945 697 1007 quarn
722 929 845 1009 supra¹l
875 930 1132 1009 perstrinximus,
1162 929 1245 992 inter

208 1034 369 1099 Socratem
385 1041 418 1100 et
434 1035 566 1119 Cynicos
582 1038 764 1121 Stoicosque
786 1041 950 1106 dissensio.
984 1041 1144 1105 Socratem
1160 1040 1245 1104 enirn

208 1146 235 1210 si
251 1147 420 1226 sequimur,
444 1148 522 1214 nihil
538 1152 761 1231 impedimento
778 1158 836 1232 est,
860 1154 936 1234 quin
953 1152 1060 1216 eadem
1081 1171 1130 1216 res
1153 1152 1245 1216 modo

209 1259 252 1322 sit
274 1259 357 1324 bona
379 1261 470 1325 modo
495 1264 587 1328 mala.
633 1263 766 1341 Quando
790 1266 872 1330 enim
895 1266 983 1331 utilis
1006 1273 1065 1343 est,
1088 1265 1172 1330 bona
1187 1269 1244 1342 est,

208 1370 333 1450 quando
346 1391 418 1452 non,
434 1376 526 1440 mala.
558 1376 655 1442 Stoici
667 1383 777 1443 contra
789 1377 820 1440 id
833 1377 933 1441 solum
946 1378 1107 1458 appellant
1118 1377 1245 1452 bonum,

209 1484 292 1565 quod
319 1503 444 1568 semper
466 1496 515 1554 est
538 1491 670 1570 bonum;
700 1489 782 1555 unde
805 1487 854 1567 iit,
884 1496 921 1554 ut
949 1507 1011 1554 una
1034 1507 1085 1552 res
1108 1494 1141 1553 et
1162 1487 1246 1552 bona

210 1599 242 1658 et
263 1596 347 1662 mala
370 1616 439 1662 esse
461 1607 607 1680 nequeat.
651 1601 776 1665 Novum
803 1599 915 1665 deinde
942 1599 1091 1665 hocloco
1115 1602 1248 1678 apparet

213 1708 376 1791 indicium,
399 1730 470 1792 quo,
494 1713 582 1777 cuius
603 1718 708 1778 seciae
727 1719 836 1778 auctor
851 1713 991 1779 Tabulae
1014 1713 1118 1790 luerit,
1142 1716 1247 1776 osten·

212 1822 315 1888 datur.
361 1825 409 1888 Ea
432 1824 516 1889 enirn
539 1825 662 1905 divisio,
686 1844 820 1907 quares
843 1826 1082 1906 distinguuntur
1104 1825 1136 1888 in
1152 1840 1248 1903 appe·

211 1936 321 1999 tendas
338 1946 370 2000 et
389 1936 595 2018 repellendae,
619 1955 638 1999 a
653 1937 781 2003 Socrate
804 1943 836 2002 et
851 1957 870 2002 a
885 1938 1018 2003 Platone
1040 1945 1089 2002 est
1104 1932 1246 2012 alienal).

211 2047 430 2112 Adhibuerunt
463 2067 532 2112 eam
563 2049 781 2128 Peripatetici,
820 2048 984 2132 Cyrenaici
1016 2044 1246 2124 recentiores³)‚

210 2160 380 2225 tritissima
405 2178 479 2226 vero
507 2165 577 2224 erat
604 2159 733 2239 Stoicis,
765 2160 878 2239 quibus
902 2160 1055 2226 Stobaeus
1078 2159 1181 2240 (florii.
1205 2157 1247 2224 11.

213 2275 285 2351 126,
307 2271 381 2352 142)
411 2272 511 2336 tradit
539 2273 607 2334 πᾶν
633 2263 767 2353 ἀγαθὸν
794 2264 928 2352 αἱρετὸν
950 2267 1045 2353 εἶναι,
1059 2320 1066 2335 .
1080 2274 1188 2336 ..πᾶν
1211 2269 1249 2336 δὲ

210 2374 314 2446 κακὸν
337 2379 491 2464 φευκτόν.
537 2383 687 2448 Eiusdem
710 2384 755 2448 rei
779 2390 877 2449 testes
905 2391 980 2448 sunt
1003 2389 1125 2449 veteres
1149 2383 1248 2462 scrip-

211 2501 296 2559 tores
320 2513 441 2573 omnes,
470 2495 524 2576 qni
547 2495 585 2559 de
608 2494 785 2560 Stoicorum
815 2495 970 2576 dogmatis
1000 2495 1248 2575 exposueram).

211 2607 322 2687 ltaque
345 2624 414 2670 cum
439 2605 620 2690 Cyrenaicis
647 2613 805 2673 auctorem
834 2626 898 2672 non
920 2605 1037 2672 lavisse
1059 2625 1100 2671 ne
1121 2606 1249 2687 probari

212 2719 336 2797 quidem
347 2725 503 2797 oporteat,
522 2718 804 2798 Peripateticorum
816 2718 964 2799 dogmata
976 2719 1006 2783 ei
1019 2736 1081 2783 non
1093 2718 1250 2798 placuisse

212 2848 308 2910 supra
329 2830 516 2911 viderimus,
539 2831 738 2911 relinquitur,
762 2838 798 2897 ut
820 2848 935 2896 novum
958 2830 1017 2894 hoc
1040 2828 1162 2895 Stoicae
1185 2828 1249 2892 dis-

213 2941 350 3019 ciplinae
372 2940 592 3007 documentum
616 2961 685 3007 esse
708 2941 891 3008 iudicemus.

301 3051 408 3117 Prima
438 3053 550 3119 deinde
577 3055 632 3120 illa
655 3055 903 3134 argumentatio,
934 3072 996 3134 qua
1019 3053 1145 3118 divitias
1167 3050 1251 3115 bona

214 3171 384 3181 ——-——-.

301 3219 323 3287 1)
341 3237 367 3288 p.
386 3223 429 3276 43.

301 3304 321 3372 ²)
339 3307 504 3362 Vocabulum
524 3308 594 3377 quod
612 3315 652 3364 est
670 3303 795 3377 φευκτάς
813 3324 899 3378 neque
916 3308 989 3378 apud
1008 3309 1148 3362 Platonem
1165 3319 1251 3374 nequa

213 3390 285 3459 apud
299 3391 502 3461 Xenophontem
516 3396 643 3462 occurrit;
662 3396 684 3449 is
702 3396 772 3448 eninr
791 3395 922 3464 dialogus,
940 3395 985 3463 qui
1003 3394 1158 3450 inscribitur
1171 3393 1251 3446 Axio-

214 3477 287 3546 chus,
306 3478 351 3531 nbi
369 3475 493 3546 φευκτάς
511 3481 645 3536 invenitur
662 3483 713 3535 369
720 3480 746 3548 b,
765 3480 884 3535 Platonis
901 3497 954 3535 non
973 3489 1021 3535 est.

301 3563 326 3633 ⁸)
345 3565 421 3632 Diog.
441 3566 532 3620 Laert.
550 3567 641 3620 11124
658 3566 885 3621 tradivSimmiam
896 3565 1033 3635 scripsisse
1052 3563 1116 3634 περὶ
1136 3562 1251 3630 αἱρετοῦ

214 3650 262 3704 nai
280 3653 409 3719 φευκτοῦ
415 3675 423 3718 ;
442 3653 489 3707 sed
508 3655 559 3709 hoc
576 3656 704 3723 scriptum
720 3653 862 3721 genuinum
881 3669 934 3707 non
951 3652 1033 3706 inisse
1045 3649 1253 3706 existimaverim

213 3747 326 3806 proptor
357 3739 435 3806 illud,
463 3739 533 3808 quod
560 3754 642 3808 supra
669 3739 798 3807 exscripsi
826 3744 867 3807 (p.
896 3739 952 3806 10),
978 3735 1099 3790 Panaetii
1125 3733 1253 3787 iudicium

215 3823 305 3890 (Diog.
324 3824 415 3878 Laert.
434 3825 529 3892 1164).
566 3825 607 3878 De
625 3823 760 3879 vocabulis
779 3818 891 3892 αἱρετός
908 3830 935 3877 et
954 3816 1079 3892 φευκτάς
1096 3818 1130 3874 ci.
1148 3817 1253 3888 Didymi

214 3909 308 3978 fragm.
327 3910 405 3964 Muli.
422 3910 450 3965 11
469 3927 495 3980 p.
513 3913 560 3978 9ος
580 3911 651 3966 Sext
670 3910 774 3978 Empir.
792 3909 851 3964 adv.
869 3909 951 3963 math.
971 3906 1023 3962 VII
1043 3910 1083 3960 11.

301 3998 323 4064 ⁴)
340 3996 375 4051 ci.
393 3997 466 4051 Plut.
485 3997 564 4052 Stoic.
583 4012 639 4065 rap.
660 3995 963 4066 ra,11;Diog.1.aart.
983 3993 1037 4047 vn
1053 3995 1110 4062 101,
1130 3991 1189 4062 106,
1207 3991 1253 4046 ubi

213 4082 382 4137 substantiva
400 4091 546 4138 occurrunt
565 4084 670 4151 αἵρεσις
690 4091 717 4136 ct
736 4077 824 4150 φυγή.
