3124 4870
625 377 857 438 -117-

223 547 287 612 illis
309 547 410 614 Cebes
432 549 493 614 hac
516 549 547 614 in
576 567 609 614 re
637 556 817 632 separetur,
848 549 899 614 vix
926 549 1091 629 quisquam
1119 546 1258 626 negabit.

223 660 325 725 Aliter
339 661 377 726 de
392 661 558 727 verborum
576 661 780 744 supellectile,
797 662 829 726 in
845 679 939 743 quam
955 677 1040 726 nunc
1055 659 1258 741 inquiremus,

222 773 423 840 statuendum
447 772 517 839 erit.

309 884 484 966 voeabula,
518 904 599 967 quae
633 885 718 967 apud
751 885 921 967 scriptores
956 884 1064 950 Cebeti
1099 883 1258 949 Socratico

221 998 371 1078 aequales
393 1003 450 1062 aut
471 998 575 1063 rarius
604 1003 660 1062 aut
687 997 815 1062 omnino
841 1015 905 1062 non
933 997 1152 1073 inveniuntur,
1179 996 1259 1060 haec

222 1109 340 1186 sunt.²)

307 1211 503 1302 ἄβεβαίως
526 1220 612 1300 (i,2)
628 1222 712 1303 apud
727 1220 936 1286 Menandrum
960 1221 1095 1302 primum
1112 1221 1258 1301 occurrit,

221 1332 310 1398 cuius
337 1333 441 1396 locum
469 1332 509 1399 ad
535 1333 636 1399 nostri
669 1333 861 1398 sententiam
889 1334 1031 1414 proxime
1057 1333 1258 1397 accedentem

221 1445 421 1525 transcripsit
440 1445 594 1510 stobaeus
616 1444 684 1511 flor.
700 1446 749 1510 tit.
769 1451 840 1525 105,
854 1450 904 1525 28,
928 1464 959 1526 p.
977 1450 1016 1510 23
1041 1445 1135 1510 Mein.
1159 1447 1190 1509 εἰ
1202 1443 1258 1509 καὶ

222 1549 340 1639 σφόδρ’
366 1549 503 1639 εὐπορεῖ
523 1551 598 1640 γὰρ,
621 1550 783 1640 &dedalus
802 1559 924 1644 τρυφᾷ,
946 1550 985 1621 τὸ
1001 1559 1058 1639 τῆς
1072 1555 1172 1641 τύχης
1194 1551 1259 1640 γὰρ

221 1667 326 1752 ῥεῦμα
346 1671 537 1751 μεταπίπτει
551 1665 643 1753 ταχύ.
686 1671 734 1735 Ne
754 1670 945 1737 adiectivum
961 1669 1087 1752 quidem
1103 1661 1259 1752 ἀβέβαιος

221 1789 295 1848 ante
309 1782 492 1848 Aristotelis
509 1788 647 1848 aetatem
670 1783 702 1848 in
726 1803 784 1849 usu
800 1783 869 1849 fuit.
911 1784 1040 1848 Praeter
1055 1783 1257 1848 Aristotelem

221 1901 253 1959 et
288 1895 498 1960 Menandrum
532 1887 689 1979 ἀβέβαιος
732 1895 925 1987 adhibebant
960 1894 1124 1977 Polybius,
1157 1894 1258 1974 Philo,

219 2007 388 2086 Lucienus,
411 2007 610 2073 Plutarchus.

306 2111 601 2196 ἄκαλλώπιστος
623 2119 736 2202 (18,1).
773 2120 860 2184 Libri
876 2139 985 2185 omues
1001 2119 1142 2201 (praeter
1159 2118 1201 2198 B,
1225 2119 1256 2182 in

219 2250 280 2313 quo
303 2231 442 2298 secunda
462 2250 574 2298 manus
589 2228 823 2316 nullumodo
838 2233 974 2299 mutavit
995 2232 1028 2295 in
1051 2223 1257 2296 ἀκαλλώπισ-

218 2365 289 2424 τον,
302 2345 385 2426 quod
401 2343 533 2410 Wolfius
546 2345 727 2411 coniectura
743 2351 907 2412 assecutus
922 2343 995 2426 est)
1013 2337 1257 2424 καλλωπισμόν.

219 2455 279 2521 Sed
302 2463 432 2538 propter
454 2457 533 2522 illud
554 2481 589 2523 τε
611 2466 683 2540 post
705 2451 814 2543 ἁπλῆν
836 2458 973 2541 positum
990 2458 1181 2524 adiectivum
1205 2457 1257 2522 de·

219 2569 387 2636 sideratur.
440 2572 553 2654 ltaque
581 2570 686 2636 Wolfii
716 2573 929 2638 coniecturam
958 2571 1066 2653 probo.
1094 2607 1138 2618 -
1160 2562 1257 2634 ἀκαλ-

217 2675 381 2759 turannos
406 2702 468 2748 non
496 2684 657 2749 invenitur
683 2685 745 2749 nisi
768 2684 851 2766 apud
879 2685 1080 2763 recentiores,
1103 2682 1257 2765 equibus

217 2812 254 2860 eo
282 2797 328 2859 usi
353 2803 429 2861 sunt
455 2795 562 2876 Philo,
593 2796 796 2877 Plutarchus,
829 2799 995 2864 Lucienus.
1051 2797 1257 2862 Substantiva

218 2902 443 2988 καλλώπισμα,
466 2905 707 2991 καλλωπισμός,
730 2911 859 2975 verbum
875 2912 1102 2988 καλλωπίξωα
1123 2908 1257 2974 Platone

218 3037 278 3083 non
302 3024 377 3085 sunt
398 3019 510 3085 aliena.

304 3125 605 3216 (ἄμετάβλητος,
629 3134 712 3217 quod
728 3136 759 3198 in
776 3134 968 3200 editionibus
982 3135 1100 3216 legitur
1116 3138 1199 3214 323,
1223 3129 1256 3197 in

219 3245 428 3312 deterioribus
457 3245 546 3312 codd.
575 3251 690 3312 exstat.
739 3247 894 3329 Equidem
923 3266 961 3312 ex
993 3246 1157 3328 Vrecipio
1180 3237 1256 3328 ἆμε-

215 3355 418 3440 ταμέλητος).

304 3461 544 3556 decadum
572 3490 610 3538 ea
632 3473 773 3551 notione,
801 3492 883 3554 quae
909 3474 937 3538 ei
965 3474 1073 3540 subest
1100 3478 1174 3553 27,3
1198 3475 1256 3554 bis,

217 3683 310 3759 ὥσπερ
328 3692 408 3748 vicies
428 3693 549 3763 obvenit,
568 3687 702 3764 καθάπερ
720 3695 869 3765 quinquies.
907 3693 959 3758 ἕως
977 3704 1004 3749 ct
1021 3693 1102 3764 μέχρι
1119 3705 1175 3750 tam
1194 3711 1256 3750 raro

217 3779 404 3850 reperiuntur,
423 3791 453 3836 ut
472 3791 561 3836 utrum
580 3789 675 3836 auctor
691 3781 867 3850 praetulerit,
885 3783 927 3836 rix
946 3782 1032 3850 possit
1049 3781 1174 3848 discerni3
1203 3771 1257 3844 ἕως

216 3866 285 3920 enim
304 3874 355 3933 ter,
374 3863 453 3934 μέχρι
473 3867 512 3922 bia
530 3867 556 3920 iu
576 3881 652 3920 usum
671 3875 733 3920 eunt
751 3875 853 3922 rocam.

306 3971 328 4026 Ιι
351 3969 431 4024 Uncis
449 3971 549 4026 inclusa
568 3986 600 4024 ea
624 3969 728 4036 addidi,
756 3986 825 4038 quae
843 3971 877 4026 ad
896 3979 1015 4026 nostram
1034 3971 1256 4040 disceptationem

215 4055 282 4110 nihil
301 4055 419 4110 afferunt
430 4057 564 4124 momenti,
581 4057 633 4122 sed,
653 4072 711 4110 curn
725 4057 785 4110 aliis
797 4057 974 4126 suspicionem
987 4057 1108 4128 iecerint,
1128 4057 1170 4118 hic
1187 4069 1255 4118 truc·

215 4142 297 4197 tanda
314 4153 383 4197 aunt.
