3132 4874
619 358 833 419 ..29-

208 530 290 596 hanc
312 529 487 596 clausulam
510 526 628 608 esse²),
652 545 705 606 ea,
730 541 825 606 quam
847 523 900 589 ille
922 523 1067 602 adhibet,
1090 522 1244 605 interpre-

208 643 287 708 tatio
317 642 404 707 nullo
435 646 528 723 pacto
558 639 685 721 probari
717 643 832 720 potest.
882 636 963 703 Nam
993 637 1020 703 si
1052 636 1129 702 illud
1164 654 1245 716 ,non

208 753 365 834 malum“,
394 771 413 817 a
439 770 501 835 quo
523 756 580 832 43,
605 756 623 814 2
651 751 735 816 bona
758 756 889 816 externa
911 749 1058 814 dicuntur
1080 745 1245 830 proficisci,

209 865 455 944 intellegendum
486 870 571 929 esset
602 881 718 927 numen
752 861 892 926 divinum
922 897 965 907 —
994 860 1027 924 id
1060 860 1143 925 enim
1173 877 1247 924 con·

209 976 311 1042 tendit
338 975 530 1055 Schaberus,
563 974 665 1055 magis
694 991 819 1053 eorum,
850 990 933 1053 quae
960 973 999 1037 de
1028 971 1247 1052 Beghardibus

209 1087 262 1162 (ci.
286 1087 427 1154 Schaber
449 1105 479 1168 p.
505 1087 548 1166 9),
571 1104 666 1167 quam
688 1104 811 1166 eorum,
834 1103 916 1167 quae
939 1084 977 1149 de
999 1083 1152 1149 Eleaticis
1174 1101 1246 1164 pro

209 1199 276 1265 dita
303 1206 393 1280 sunt,
424 1217 558 1280 memor;
587 1199 644 1264 hos
668 1200 753 1263 enim
776 1216 867 1264 nemo
890 1204 1002 1263 auctor
1028 1203 1078 1263 est
1104 1196 1247 1262 docuisse

211 1312 305 1378 deum
333 1330 436 1393 neque
465 1312 583 1377 bouum
609 1328 710 1392 neque
732 1308 848 1374 malum
871 1307 973 1390 esse2)
997 1345 1038 1356 -
1061 1311 1130 1375 iure
1153 1310 1248 1374 mira-

210 1483 315 1538 manica
328 1482 442 1548 vindob.
457 1484 547 1549 lssal:
568 1519 580 1550 „
592 1519 615 1536 ..
627 1481 667 1536 als
679 1481 798 1536 honnten
809 1481 881 1536 disse
894 1481 980 1549 Dinpe
992 1497 1041 1536 aus
1052 1481 1135 1536 hosen
1146 1480 1248 1535 Hand—

213 1569 313 1636 lungen
331 1568 481 1624 entstehen.
517 1568 592 1622 tiana
614 1569 707 1635 genias
728 1568 833 1622 verhdlt
851 1582 880 1622 es
898 1567 955 1624 sich
973 1583 1017 1638 so,
1040 1583 1182 1635 wesuegen
1200 1569 1249 1622 wir

208 1655 240 1722 ia
257 1661 361 1722 eapten,
380 1654 439 1708 dam
456 1667 485 1708 es
503 1653 590 1708 weder
608 1653 693 1708 (luter
709 1655 779 1708 noch
792 1653 877 1710 Uehel
895 1654 978 1708 sind.¹‘
1015 1654 1089 1709 Haeo
1107 1668 1183 1708 nemo
1195 1668 1248 1707 non
1316 1687 1320 1692 ι

211 1742 282 1796 videt
299 1740 529 1796 vehementissime
552 1741 621 1794 inter
643 1756 671 1795 se
695 1755 825 1808 pugnare.
865 1739 933 1793 Mihi
951 1740 1058 1808 quidem
1083 1739 1149 1793 illud
1169 1739 1247 1807 ,illa“

213 1828 247 1882 ad
259 1843 302 1882 res
314 1827 413 1881 medias
431 1826 535 1880 ridetur
547 1825 718 1880 reiciendum
736 1841 807 1893 esse;
826 1825 898 1894 quod
917 1825 940 1879 si
952 1825 1026 1892 facis,
1044 1841 1126 1880 nexus
1144 1833 1249 1880 senten-

212 1913 310 1967 tiarum
328 1915 372 1967 hic
390 1919 442 1968 est:
461 1913 592 1980 Divitiae,
608 1912 704 1980 gloria,
721 1913 836 1966 victoria
858 1919 947 1966 cetera
965 1928 1013 1967 nec
1032 1913 1104 1966 hona
1121 1919 1185 1966 sunt
1201 1927 1249 1966 nec

212 1997 284 2052 mala
302 1998 339 2067 (c.
358 2001 438 2066 41,3:
458 1989 512 2051 οιῗιι
530 1991 568 2051 ἄν
580 1999 625 2065 εἴη
643 1999 734 2051 ταῦτα
753 1989 855 2065 ἀγαθὰ
872 1989 941 2050 crida
959 1992 1055 2065 κακά).
1084 1998 1168 2066 Atqui
1179 1998 1250 2051 bona

214 2099 246 2138 ea
263 2100 316 2139 non
334 2099 404 2152 esse,
424 2084 468 2151 iis,
487 2099 554 2152 quae
571 2084 748 2151 praecedunt,
773 2085 982 2139 demonstratum
1004 2091 1056 2151 est;
1080 2085 1200 2152 sequitur
1218 2089 1250 2136 ut

213 2169 367 2224 ostendatur
390 2169 440 2224 illa
462 2170 533 2222 mala
558 2185 611 2224 non
635 2183 705 2237 esse;
730 2169 759 2223 id
777 2170 847 2238 quod
865 2171 897 2222 fit
914 2187 937 2225 c.
954 2173 988 2222 42
1006 2186 1058 2238 sq:
1083 2168 1149 2223 lllae
1173 2183 1249 2223 resa

213 2255 304 2323 pravis
323 2253 473 2310 actionibus
492 2257 541 2322 (sc.
554 2255 626 2320 solis)
645 2270 700 2309 non
711 2263 773 2310 sunt
785 2255 950 2322 (Germanice
962 2270 1027 2309 non:
1045 2256 1086 2310 ala
1104 2255 1249 2310 lstnnten

215 2342 288 2396 diese
305 2341 391 2409 Dioge
408 2357 458 2396 aus
469 2341 552 2395 bosen
564 2340 743 2409 Handlungen
754 2343 903 2409 entstehen,
922 2342 980 2396 sed:
999 2345 1164 2410 moseten).
1191 2343 1250 2396 an

213 2429 297 2496 igitur
314 2429 417 2484 auctori
439 2429 572 2482 inanimo
599 2434 659 2482 erat
681 2444 704 2482 c.
722 2431 755 2481 42
773 2444 813 2498 sq.
837 2429 1031 2498 demonstrare,
1055 2445 1099 2484 res
1126 2435 1250 2484 externas

218 2531 272 2569 non
289 2514 374 2581 magis
391 2515 550 2584 maiacense,
572 2530 652 2582 quam
669 2515 747 2569 bona.
784 2517 866 2584 Atqui
888 2524 1001 2585 apparot
1023 2523 1110 2572 totum
1129 2516 1251 2571 libellum

215 2601 249 2655 iis
275 2601 402 2670 scriptum
426 2616 498 2670 esse,
523 2603 571 2670 qui
598 2602 707 2655 nimium
732 2601 817 2657 honae
840 2601 995 2671 valetudini,
1014 2603 1128 2672 divitiis,
1154 2604 1251 2658 catoris

217 2688 296 2742 rebus
314 2688 437 2743 tribuunt
454 2689 587 2744 momenti.
622 2689 716 2758 ltaque
735 2689 824 2744 nescio
840 2705 874 2744 an
892 2690 944 2746 hac
962 2706 992 2745 re
1009 2691 1040 2744 de
1058 2692 1110 2746 hac
1127 2691 1251 2745 clausula

213 2774 330 2845 suspicio
346 2785 498 2844 moveatur,
516 2776 588 2845 quod
606 2777 651 2844 iis,
669 2792 738 2844 quae
756 2792 841 2846 usque
858 2777 893 2831 ad
910 2794 934 2832 c.
953 2781 984 2831 41
1007 2792 1051 2832 ex.
1070 2785 1251 2846 exponuntur,

213 2861 279 2916 satis
297 2861 452 2930 ostenditur,
470 2861 551 2918 rebus
568 2864 686 2916 externis
705 2861 864 2916 studendum
881 2879 936 2917 uon
953 2877 1020 2932 esse,
1038 2864 1081 2919 hic
1098 2878 1163 2918 sero
1181 2877 1251 2917 nova

215 2947 345 3015 quaedam
362 2949 559 3014 argumentatio
576 2947 685 3016 incipit,
710 2962 764 3016 qua
782 2948 817 3002 ad
834 2947 861 3001 id
879 2949 1032 3015 consilium,
1056 2949 1128 3018 quod
1145 2954 1203 3003 toto
1221 2947 1251 3001 li·

217 3033 287 3087 bello
304 3038 400 3088 auctor
416 3035 594 3101 sequebatur,
617 3032 809 3102 perficiendum
828 3048 895 3102 opus
911 3050 965 3089 ιιοιι
983 3043 1048 3090 erat.
1084 3035 1252 3102 Quamquam

219 3118 365 3173 Salmasius
377 3127 479 3172 rectum
491 3119 562 3198 artis·
568 3119 674 3174 criticae
686 3118 854 3173 adhibendae
870 3120 978 3174 modum
995 3128 1177 3187 transgressus
1195 3133 1252 3173 esse

216 3203 282 3256 mihi
299 3204 415 3271 videtur,
440 3220 500 3258 cum
524 3203 551 3257 id
569 3205 715 3274 suspicioni
733 3219 791 3260 esse
810 3206 920 3272 diceret,
945 3205 1016 3273 quod
1039 3206 1067 3259 in
1091 3204 1144 3258 fine
1168 3205 1251 3258 totius

216 3290 304 3358 operis
321 3304 402 3345 senex
427 3291 582 3360 peregrinos
601 3298 674 3358 orat,
697 3297 741 3356 ut,
764 3292 787 3345 si
810 3291 874 3360 quid
896 3290 1019 3347 dubitent
1035 3291 1069 3345 ad
1086 3306 1114 3346 se
1132 3290 1253 3358 redeant;

216 3389 304 3443 neque
326 3375 395 3430 enirn
418 3375 561 3444 quidquam
584 3376 784 3443 inscriptionem
805 3375 940 3446 polliceri,
962 3378 1012 3433 nisi
1030 3377 1151 3446 picturae
1168 3378 1252 3446 expli·

216 3462 361 3529 cationem;
388 3463 479 3531 itaque
508 3463 721 3517 adhortationem
743 3463 817 3517 illam
840 3479 909 3532 ,uon
932 3464 1003 3518 ultra
1029 3464 1179 3533 crepidam,
1205 3463 1252 3520 aed

216 3547 298 3614 plane
315 3555 392 3602 extra
409 3547 537 3603 Tabulam
556 3547 638 3602 esse‘t

303 3634 325 3702 ¹)
343 3635 417 3702 Quae
441 3635 591 3690 Schaberus
608 3650 635 3703 p.
653 3637 670 3689 9
692 3635 756 3690 dicit
773 3651 870 3692 causae
894 3635 990 3707 tuisse,
1012 3652 1061 3691 cur
1083 3636 1169 3692 medio
1186 3651 1253 3692 aevo

217 3719 284 3773 haec
301 3721 391 3789 capita
408 3723 601 3791 omitterentur,
620 3721 654 3774 de
672 3722 714 3775 his
732 3722 776 3775 rix
795 3723 936 3792 quisquam
952 3723 978 3776 ei
990 3722 1157 3778 assentietur.
1187 3720 1254 3774 Vult

218 3805 289 3858 anim
306 3815 419 3876 propter
437 3807 639 3863 similitudinem
657 3823 763 3878 eorum,
789 3824 857 3877 quae
876 3808 1027 3877 Beghardcs
1049 3815 1076 3862 et
1093 3806 1253 3862 Lollhardes

217 3889 357 3961 docebant,
374 3893 444 3948 hanc
460 3899 564 3962 partem
583 3893 667 3948 libelli
685 3908 743 3948 esse
760 3894 880 3949 deletam.

305 3977 332 4046 ¹)
351 3977 411 4033 lion
429 3994 497 4046 nego
523 3995 555 4034 ex
574 3979 699 4033 Eleatica
722 3977 843 4033 doctrina
867 3979 919 4034 hoc
935 3979 1023 4046 sequi,
1047 3985 1078 4032 ut
1094 3978 1151 4031 sine
1169 3980 1253 4047 quali·

219 4065 321 4119 tatibus
339 4064 405 4120 deus
422 4065 471 4133 ait,
496 4065 542 4120 sed
560 4066 612 4134 ipsi
630 4065 748 4120 Eleatici
765 4064 919 4133 philosophi
939 4065 989 4118 hoc
1007 4079 1059 4118 uon
1078 4064 1252 4121 tradiderunt

218 4149 376 4208 Rectiuime
397 4159 487 4208 anoem
511 4151 633 4206 Zellsrua
658 4150 715 4220 (dis
739 4149 914 4218 Philosophie
938 4149 962 4204 d.
980 4139 1115 4206 Grietheu
1133 4151 1161 4206 11
1181 4155 1209 4216 l,
1226 4168 1252 4220 p.
