3124 4870
642 338 878 396 -115—

241 502 471 582 significatione
494 502 612 568 dicitur
634 501 837 586 ἐξαιρεῖσθαι
864 504 910 580 είς
937 501 1143 584 ἐλευθερίαν.
1189 501 1278 579 Quae

241 613 334 696 plane
360 631 429 678 curn
454 614 594 680 Tabulae
618 615 766 681 hocloco
790 621 965 696 congruont
982 615 1124 696 exempla
1148 633 1210 678 non
1233 615 1280 679 in-

241 726 333 790 venie
357 726 418 790 nisi
442 746 480 790 ex
496 729 723 792 recentissimis
740 729 949 808 scriptoribus
965 728 1073 799 allata,
1098 727 1182 790 velut
1205 727 1277 790 Luc.

245 842 331 914 16,3:
356 827 374 901 ὁ
390 833 506 920 κύριός
521 833 791 933 μοιρᾶφαιρείσαι
806 834 869 924 τὴν
894 842 1091 923 οἰκονομίαν
1107 831 1161 902 ἀπ’
1186 837 1279 919 ἐμοῦ,

242 949 388 1014 Eustath.
412 951 449 1016 Il.
473 971 503 1034 p.
530 957 639 1030 72,l2:
663 944 852 1034 ἀφαιρεῖται
875 945 928 1016 ἀπ’
954 943 1060 1016 αὐτοῦ
1084 943 1101 1015 ὃ
1125 943 1281 1032 βασιλεὺς

242 1052 261 1123 ὃ
283 1053 327 1143 μὴ
352 1061 497 1128 δέδωκεν
519 1056 629 1140 αὐτός.
637 1063 662 1146 ¹)

327 1173 374 1238 De
393 1175 551 1240 adverbiis
574 1177 843 1258 praepositionum
870 1178 939 1242 loco
963 1175 1114 1240 adhibitis
1137 1174 1280 1239 animad-

243 1287 427 1351 vertendum
456 1293 506 1352 est
542 1281 647 1352 ὀπίσω
679 1289 781 1368 (10,1)
814 1309 884 1354 cnm
912 1289 1051 1368 genitivo
1081 1288 1281 1352 coniunctum

242 1395 322 1460 alias
347 1415 408 1462 uon
438 1399 571 1463 inveniri
604 1401 665 1464 nisi
696 1401 780 1482 apud
804 1400 890 1464 Lxx
923 1407 956 1465 et
985 1403 1017 1464 in
1050 1399 1138 1464 Nouo
1169 1398 1280 1463 Testa-

243 1514 359 1573 mento.
407 1510 452 1574 De
483 1505 594 1575 ἐπάνω
625 1512 839 1592 metaphorice
870 1512 1014 1576 adhibito
1046 1509 1150 1592 (26,3)
1185 1529 1281 1591 supra

242 1621 378 1686 diximus
400 1641 431 1703 p.
456 1627 506 1686 50.

329 1734 378 1798 Ad
410 1735 646 1800 coniunctiones
676 1737 759 1816 quod
788 1737 921 1814 attinet,
955 1730 1037 1799 ὅταν
1065 1735 1113 1800 bis
1136 1737 1167 1799 in
1190 1735 1279 1799 codd.

242 1866 311 1911 cum
340 1847 512 1912 indicativo
535 1849 734 1912 coniunctum
752 1843 931 1912 invenitur:
962 1853 1050 1926 353:
1078 1842 1161 1910 ὅταν
1190 1849 1281 1910 ἔστιν

243 1960 344 2040 (δεῖν,
374 1964 447 2038 39,4
471 1955 552 2024 ὅταν
575 1951 619 2041 μὴ
644 1958 844 2023 ἐπίστανται.
890 1959 937 2023 Eo
961 1960 1043 2038 1000,
1072 1978 1163 2042 quem
1192 1959 1280 2038 prius

242 2073 492 2150 commemorari,
516 2073 691 2153 Sauppeius
706 2072 833 2152 scripsit
849 2065 914 2151 ὅτε,
936 2072 1021 2152 quod
1035 2072 1155 2152 recepit
1169 2072 1279 2135 derra-

243 2185 334 2248 mius.
390 2189 464 2263 39,4
503 2184 837 2264 Sclrweighaeuserus,
876 2184 1066 2264 Drosihnus,
1104 2184 1281 2248 Jerramius

133 2315 137 2321 ’
242 2273 464 2362 emendatione
480 2297 621 2362 assecuti
638 2302 713 2361 sunt
729 2291 810 2360 ὅταν
825 2288 869 2379 μὴ
886 2295 1090 2378 ἐπίστωνται,
1105 2297 1281 2378 Sauppeius

244 2411 278 2472 ol
299 2389 344 2490 ὁῆ
366 2401 409 2491 μὴ
434 2407 633 2472 ἐπίστανται.
679 2408 884 2473 Dubitaveris
900 2427 974 2476 num
991 2411 1211 2490 corrigendum
1228 2412 1280 2488 sit,

242 2537 312 2584 cum
338 2522 420 2602 apud
446 2523 637 2587 recentiores
661 2523 777 2602 passim
798 2515 878 2586 ὅταν
901 2541 971 2587 cum
996 2523 1166 2589 indicativo
1188 2542 1282 2604 oopu-

243 2632 341 2696 latum
365 2631 593 2715 inveniatur²);
617 2634 738 2698 aceedit
760 2635 843 2714 quod
859 2635 910 2698 hie
933 2635 1055 2698 libellus
1075 2635 1200 2701 brevior
1223 2642 1282 2714 est,

244 2789 416 2798 ῃ...-

330 2873 351 2942 1)
370 2873 445 2928 Haec
464 2881 606 2942 praeterea
619 2872 755 2927 afferenda
772 2881 842 2941 sunt,
860 2887 875 2926 e
888 2873 983 2940 quihus
995 2888 1028 2926 ne
1041 2872 1105 2941 quid
1118 2873 1149 2927 de
1162 2873 1282 2927 Tabulae

242 2969 330 3014 aetate
349 2960 458 3027 colligas
473 2959 631 3014 mouendum
652 2959 700 3013 sit:
720 2962 778 3025 10,4
796 2959 920 3025 legimus:
939 2953 1009 3026 μετὰ
1026 2952 1135 3011 τούτων
1153 2960 1281 3027 συμβιοῖ;

244 3050 298 3114 13,1
321 3040 392 3114 μετὰ
410 3047 460 3113 τῆς
486 3037 627 3112 ἀληθινῆς
655 3045 795 3105 Παιδείας
813 3047 989 3113 σονομιλεῖν;
1017 3047 1088 3112 (27,4
1106 3035 1167 3112 μετ’
1187 3034 1282 3096 αὐτῶν

248 3123 485 3202 ἅιιοίονθοῦσαι).
522 3131 677 3198 huettgeius
699 3148 726 3199 p.
746 3134 778 3184 16
802 3131 882 3186 huius
905 3132 1054 3200 pleonasmi
1072 3145 1149 3198 quern
1168 3130 1231 3184 dicit
1249 3145 1281 3183 ex

174 3212 177 3220 ’
245 3219 358 3288 Polybio
371 3218 462 3272 attulit
474 3217 633 3286 exemplum.
661 3217 712 3271 Sed
726 3234 794 3286 opus
807 3234 860 3272 non
874 3229 915 3272 est
927 3217 959 3271 ad
974 3217 1113 3286 Polybium
1126 3231 1283 3285 provocare.

242 3305 369 3360 Eiusdem
390 3307 459 3358 enim
479 3321 543 3359 usus
560 3303 711 3358 Lobecrius
729 3305 773 3374 (ad
792 3303 935 3373 Phrynich.
954 3321 980 3371 p.
995 3306 1055 3372 354)
1073 3320 1105 3358 ex
1118 3302 1285 3372 Thucydide,

242 3392 429 3458 Xenophonte,
448 3391 636 3459 Demosthene,
656 3390 787 3460 Euripide
806 3391 949 3457 exscripsit
969 3390 1100 3457 exempla.

372 3476 432 3532 Nou
460 3477 570 3530 maioris
598 3476 721 3545 ponderis
748 3491 804 3530 esse
832 3476 896 3529 mihi
924 3475 1043 3543 videtur,
1073 3475 1143 3543 quod
1173 3474 1281 3528 verbum

242 3563 482 3631 παραγίγνεσθαι,
507 3561 578 3630 quod
596 3563 664 3616 alias
687 3580 746 3617 cnm
764 3563 961 3632 praepositione
980 3555 1011 3614 ἐν
1033 3562 1089 3615 tere
1107 3561 1284 3630 coniungitur,

242 3647 270 3701 in
288 3647 392 3702 Tabula
410 3652 491 3718 28,1;
513 3651 593 3718 35,2;
614 3650 694 3718 16,3;
716 3651 792 3718 16,r;
814 3651 879 3715 19,4
898 3663 957 3702 curn
977 3644 1025 3714 εἰς,
1043 3641 1122 3715 πρός,
1141 3639 1191 3698 ἐπί
1205 3661 1285 3713 oopu-

243 3734 327 3802 latur,
355 3735 393 3788 ita
418 3744 449 3789 ut
472 3735 632 3803 respondeat
657 3735 808 3803 quaerenti:
835 3735 938 3802 „quo?“
975 3733 1057 3786 t'uius
1078 3748 1141 3787 usus
1163 3732 1284 3800 exempla

244 3837 403 3890 quamquam
430 3837 494 3876 rara
520 3829 597 3890 sunt,
626 3829 714 3874 tamen
742 3837 775 3876 ue
800 3821 834 3874 sb
851 3821 967 3888 optimae
994 3819 1098 3887 quidem
1122 3819 1283 3874 Graecitatis

243 3907 423 3976 scriptoribus
443 3909 546 3963 alienus
564 3915 604 3962 est
624 3907 666 3972 (et.
684 3907 798 3976 Lycurg.
818 3909 843 3975 6,
853 3909 887 3972 5).

335 4011 356 4080 ²)
376 4011 469 4082 Polyb.
487 4015 603 4082 4,32,5;
625 4013 665 4080 13,
675 4013 700 4078 7,
711 4014 744 4064 10
762 4007 916 4064 Dindorfius
933 4008 1038 4078 scripsit
1050 3999 1107 4076 ὅτε,
1126 4007 1283 4063 Hultsehius

244 4113 297 4152 uon
316 4097 437 4152 mutarit.

1029 4181 1066 4248 8*
