3124 4870
737 357 949 414 ..93-

325 543 445 590 veneno
474 524 587 588 imbuti
617 525 827 606 ναυαγοῦσιν
858 522 895 587 έν
922 526 969 610 τῷ
996 526 1059 609 βίω
1088 521 1144 586 καὶ
1172 526 1364 588 πλανῶνται

325 635 443 715 (243),
475 637 520 700 sic
542 637 624 716 apud
648 637 781 701 Dionem
811 637 847 716 ii,
877 653 956 716 quos
979 636 1064 714 genii
1086 636 1133 699 illi
1161 636 1362 716 deceperunt,

324 751 516 813 πλανῶνται
538 742 621 812 κατὰ
646 741 707 813 τὸν
730 751 817 831 βίον.
852 749 901 813 Ne
925 766 963 813 ea
986 748 1111 828 quidem
1133 748 1364 827 praetereunda

326 867 415 942 sunt,
446 877 534 941 quse*
550 879 595 926 or.
620 866 660 926 30
684 879 713 941 p.
739 866 801 926 340
826 878 872 941 sq.
896 865 1109 939 exponuntur,
1141 860 1195 924 ubi
1217 860 1364 940 voluptas

324 991 343 1035 a
366 973 486 1037 duobus
514 973 602 1053 quasi
632 973 786 1037 ministris
813 973 992 1037 hominibus
1018 972 1201 1053 praebetur,
1230 991 1362 1053 quorum

325 1103 405 1150 unus
442 1092 490 1149 est
524 1087 635 1164 Νοῦς,
674 1086 755 1148 alter
784 1076 962 1166 Ἀκράτεια
1020 1082 1152 1149 Cretera
1187 1086 1364 1166 appelletur

325 1192 540 1279 Σωφροσύνη
550 1196 584 1275 ¹).
632 1197 702 1260 Alia
725 1198 828 1276 imago
852 1202 955 1260 exstat
977 1215 1022 1260 or.
1048 1201 1088 1261 30
1114 1216 1145 1277 p.
1171 1202 1233 1261 333
1256 1196 1364 1276 Dind.,

326 1311 379 1374 ubi
402 1310 537 1373 mundus
560 1326 664 1372 career
687 1307 827 1388 lingitur,
851 1327 912 1389 quo
936 1327 955 1371 a
979 1308 1026 1372 dis
1050 1311 1148 1373 simus
1171 1310 1292 1372 inclusi.

411 1422 518 1486 Etiam
549 1422 632 1501 apud
663 1421 795 1485 Dionem
826 1419 1082 1500 chrysostomum
1112 1422 1233 1486 invenis
1256 1422 1362 1486 imita·

325 1536 443 1599 tionem
471 1534 639 1597 Prodiceae
666 1533 751 1596 illius
778 1533 958 1611 allegoriae.
1005 1533 1106 1610 Quam
1134 1533 1217 1597 haud
1244 1533 1299 1596 abs
1329 1551 1364 1596 re

325 1663 394 1710 esse
417 1645 493 1710 mihi
516 1646 641 1709 videtur
663 1663 731 1708 eum
755 1644 876 1708 Tabula
904 1663 1093 1724 comparare.
1139 1647 1243 1726 Atque
1269 1645 1362 1722 idern,

324 1758 407 1838 quod
439 1776 533 1839 supra
569 1756 607 1820 de
636 1756 768 1820 Philone
802 1758 993 1836 monuimus
1030 1757 1068 1821 de
1102 1758 1202 1822 Dione
1235 1755 1363 1836 valet2).

325 1872 502 1952 Descriptio
525 1871 608 1934 enim
635 1887 840 1951 personarum
863 1888 1050 1951 quamquem
1072 1871 1171 1934 multo
1192 1870 1363 1948 simplicior

325 1991 356 2049 et
379 1985 504 2049 brevior
527 1989 575 2048 est
595 1983 678 2064 apud
692 1983 826 2047 Dionem
849 2001 944 2063 quam
960 1983 1042 2064 apud
1059 1981 1231 2061 Philonem,
1253 1987 1363 2046 tamen

324 2098 485 2178 aliquanto
515 2097 641 2162 uberior
671 2101 721 2160 est
748 2101 782 2159 et
804 2095 958 2176 eopiosior
986 2113 1080 2174 quam
1104 2095 1136 2158 in
1160 2094 1295 2171 Tabula3
1323 2092 1361 2156 cl.

324 2230 354 2291 p.
381 2215 432 2287 15,
456 2215 512 2288 20;
540 2213 663 2287 17,11.
710 2203 847 2270 Comites
869 2223 978 2285 porro,
1007 2205 1121 2286 quibus
1144 2204 1308 2269 abundant
1331 2209 1363 2268 et
1447 2261 1449 2264 .

328 2324 494 2403 Τυραννίς
516 2325 548 2384 et
571 2319 741 2396 Βασιλεία,
771 2316 870 2382 fusius
894 2316 1121 2397 depinguntur3
1146 2315 1184 2380 ef.
1202 2335 1231 2395 p.
1253 2320 1361 2395 16,10;

327 2440 430 2512 18‚10.
475 2435 502 2497 A
525 2431 737 2511 Xenophonte
759 2435 791 2493 et
814 2425 913 2493 Cebes
937 2434 970 2493 et
992 2427 1052 2492 Dio
1075 2428 1122 2492 its
1143 2428 1304 2507 recedunt,
1328 2434 1364 2491 ut

323 2549 459 2627 primum
490 2544 632 2610 ordinem
663 2539 767 2620 illum,
797 2557 857 2620 quo
881 2541 1045 2620 utriusque
1068 2537 1204 2602 feminee
1226 2539 1361 2619 primum

324 2657 511 2723 describitur
525 2656 620 2736 color,
634 2637 852 2731 deinde‘oeuli‚
864 2656 932 2715 tum
942 2650 1079 2730 habitus,
1095 2654 1254 2730 postremo
1264 2650 1362 2714 vestis

326 2806 365 2815 -
390 2770 427 2834 cf.
443 2770 526 2833 Xen.
544 2785 653 2834 comm.
671 2766 702 2829 II
721 2769 807 2844 1,22:
832 2760 1082 2844 κεκοσμημένην
1104 2753 1141 2825 τὸ
1165 2758 1226 2841 μὲν
1248 2763 1362 2844 χρῶμα

322 2870 618 2962 καθαρειότητι,τᾶ
629 2873 666 2940 δὲ
676 2870 806 2956 ὄμματα
818 2876 919 2953 αἰδοῖ,
931 2867 969 2936 τὸ
978 2871 1015 2936 δὲ
1026 2876 1133 2955 σχῆμα
1145 2869 1361 2956 σωφροσύνη,

323 2994 439 3077 ἐσθῆτι
464 2990 501 3056 δὲ
522 2992 639 3074 λευκῇ,
668 2980 730 3070 τὴν
762 2979 909 3069 δ’ἑτέραν
939 2983 1172 3067 τεθραμμένην
1203 2983 1264 3065 μὲν
1277 3033 1284 3047 .
1298 3034 1305 3047 .
1320 3033 1327 3048 .
1342 3032 1361 3064 .,

322 3099 634 3183 κεκαλλωπισμένην
657 3096 694 3163 δὲ
715 3092 753 3162 τὸ
778 3094 839 3178 μὲν
862 3099 987 3178 χρῶμα,
1011 3090 1095 3160 ὥστε
1114 3092 1312 3175 λευκοτέραν
1326 3116 1361 3157 τε

323 3215 378 3281 καὶ
401 3212 628 3299 ἐρυθροτέραν
660 3213 721 3275 τοῦ
752 3204 849 3284 ὄντος
879 3210 993 3272 δοκεῖν
1021 3211 1220 3290 φαίνεσθαι,
1254 3197 1291 3268 τὸ
1324 3203 1362 3269 δὲ

323 3331 441 3412 σχῆμα,
465 3321 548 3391 ὥστε
571 3327 684 3388 δοκεῖν
708 3314 894 3400 ὀρθοτέραν
915 3322 973 3402 τῆς
995 3315 1128 3402 φύσεως
1149 3313 1246 3397 εἶναι,
1268 3309 1309 3381 τὰ
1324 3314 1362 3381 δὲ

324 3437 453 3525 ὄμματα
469 3441 555 3521 ἔχειν
568 3430 833 3514 ἀναπεπταμένα,
850 3431 975 3514 ἐσθῆτα
992 3429 1039 3511 δέ,
1062 3430 1094 3508 έξ
1109 3416 1148 3514 ἧς
1163 3421 1206 3494 ἂν
1221 3425 1362 3512 μάλιστα

327 3561 496 3572 ...-.-.---

411 3609 431 3674 1)
451 3607 617 3676 Frequenter
636 3619 652 3656 a
671 3601 758 3656 Dione
775 3602 802 3653 in
819 3599 1040 3654 translationibus
1057 3598 1180 3651 adhibita
1199 3605 1238 3651 est
1257 3612 1360 3664 comps·

323 3698 393 3751 ratio
412 3694 539 3765 potionis3
560 3692 593 3747 cf.
613 3707 652 3744 or.
666 3692 700 3743 32
718 3704 744 3756 p.
756 3688 808 3740 415
820 3686 913 3738 Dinuz
932 3685 1005 3756 ποίῳ
1024 3677 1188 3751 χρισάμενοι
1206 3675 1361 3754 φαρμᾶκφς

325 3783 413 3850 δῆλον
439 3773 483 3834 ὅτι
510 3779 547 3850 τῷ
570 3778 620 3845 τῆς
639 3767 753 3840 ἀνοίας,
781 3787 820 3826 or.
839 3774 855 3824 8
872 3787 898 3839 p.
919 3772 980 3824 148:
1006 3760 1074 3820 οὐδὲ
1100 3761 1153 3834 γὰρ
1179 3763 1253 3820 ἔστιν
1270 3759 1362 3836 ἡδονῇ

323 3864 446 3921 συνόντα
462 3909 467 3921 .
482 3907 507 3920 ..
526 3859 564 3932 μὴ
585 3854 619 3916 οὗ
640 3855 753 3920 πάντως
771 3849 877 3910 ἁλῶναι
888 3873 894 3884 ·
905 3847 975 3908 ὅταν
993 3843 1047 3907 οὖν
1066 3847 1190 3921 κρατήσῃ
1213 3852 1262 3906 καὶ
1286 3869 1361 3919 περι-

322 3952 438 4023 γένηται
463 3953 512 4021 τῆς
536 3950 630 4018 ψυχῆς
654 3951 714 4008 τοῖς
732 3938 909 4014 φαρμάκοιςς
939 3943 1012 3994 0117
1036 3957 1063 4007 p.
1084 3943 1145 3992 140:
1176 3931 1362 4007 σωφροσύνης

322 4034 483 4109 φάρμακον.

409 4125 430 4194 ¹)
449 4125 489 4180 Cf.
507 4140 545 4178 or.
568 4128 579 4176 l
599 4139 626 4190 p.
647 4123 725 4190 l4sq.
745 4116 823 4172 Dino.
