3132 4874
704 343 749 360 .-
794 289 833 376 1'4
877 345 918 357 -

298 482 441 548 nesciat?
479 483 667 550 Rectissime
682 484 813 550 Wolfins
822 483 846 566 ¹)
871 490 978 550 monet
1001 503 1041 549 ne
1057 485 1249 550 recentiores
1264 485 1332 566 qui-

294 595 363 660 dem
392 595 445 675 iis,
473 614 554 676 quae
578 597 783 662 Alexandrini
806 597 844 660 de
871 597 961 661 librIs
984 597 1130 680 genuinis
1158 604 1189 661 et
1217 615 1330 677 suppo-

295 707 405 771 siticiis
434 709 688 788 exploraverant,
713 727 767 789 ea,
795 726 857 788 qua
885 725 941 771 nos
964 725 1042 787 opus
1066 726 1135 773 esse
1158 726 1329 788 censemus,

295 836 371 882 cura
402 838 475 884 usos
508 838 586 886 esse.
642 823 753 901 Itaque
785 821 882 885 multo
913 821 1015 900 magis
1047 838 1141 900 quam
1173 820 1329 884 Lucienus

295 931 469 996 audiendus
486 938 535 996 est
547 932 727 1013 Panaetius,
740 934 792 1014 qui
810 932 1014 1014 philosophae
1030 931 1183 996 historiae
1200 949 1330 1010 cognos-

297 1044 414 1106 cendae
441 1044 720 1109 studuerit-liber
746 1046 813 1109 eius
836 1044 997 1109 ferebatur
1018 1045 1055 1108 de
1077 1043 1330 1124 philosophorum

298 1152 427 1217 familiis
444 1156 616 1236 scriptus-
626 1158 776 1237 cuiusque
792 1158 971 1237 plusquam
987 1156 1117 1220 Luciani
1141 1155 1331 1234 interfuerit,

295 1283 377 1345 quae
392 1266 504 1347 cuique
519 1267 709 1333 deberentur
725 1270 841 1350 scripta
857 1271 1079 1334 internoscere.
1116 1267 1209 1332 Hunc
1225 1273 1332 1331 antem

296 1377 455 1458 Diogenes
484 1398 520 1444 eo
542 1380 626 1460 loco,
657 1399 748 1460 quem
781 1399 878 1462 supra
911 1380 953 1462 (p.
982 1385 1034 1458 10)
1056 1382 1224 1462 exscripsi,
1257 1381 1334 1444 dicit

297 1489 423 1555 Cebetis
447 1491 601 1556 Socratici
624 1492 779 1557 Tabulam
802 1512 865 1557 non
889 1491 1101 1575 agnovisse2l.

384 1607 433 1672 Ex
449 1607 498 1671 his
514 1604 710 1686 intellegitur
726 1606 877 1686 Tabulae,
902 1625 983 1689 quae
1000 1611 1128 1672 exstant
1143 1606 1228 1686 apud
1250 1611 1335 1671 vete-

297 1737 347 1783 res
363 1721 547 1801 scriptores,
570 1721 707 1801 restigia
734 1721 886 1784 eiusmodi
908 1737 985 1799 esse,
1009 1726 1058 1799 ut,
1083 1721 1110 1784 si
1132 1719 1272 1783 rationes
1295 1737 1333 1783 ex

298 1832 397 1912 ipsius
421 1832 496 1896 libri
518 1833 701 1898 condicione
720 1835 838 1914 petitae
853 1851 911 1898 nos
931 1833 1096 1914 impellant
1112 1833 1151 1897 ad
1167 1831 1336 1913 posteriori

297 1947 398 2009 aetati
425 1946 573 2011 Pinacem
598 1947 835 2027 assignandum,
860 1948 910 2010 vix
934 1945 1000 2010 nlla
1024 1947 1214 2010 auctoritate
1239 1945 1336 2025 impe-

300 2051 471 2058 --—.-..-.

385 2083 410 2149 1)
429 2083 534 2150 Proleg.
552 2083 587 2136 ad
606 2083 683 2136 Hom.
704 2083 771 2136 XIII
789 2091 843 2136 not.
864 2085 903 2135 12.

384 2170 410 2237 ²)
430 2169 580 2223 Drosihnus
599 2169 834 2224 Pseudo-PlatonIs
853 2183 893 2237 ep.
907 2169 974 2222 XIII
993 2185 1019 2236 p.
1033 2169 1106 2222 acas
1124 2168 1197 2220 nisus
1215 2181 1243 2220 se
1261 2165 1336 2219 dubi-

297 2261 356 2308 tare
382 2254 537 2322 profitetur,
562 2271 625 2308 num
652 2255 758 2308 Cebetis
780 2255 907 2309 Socratici
930 2254 981 2309 hoc
1006 2270 1073 2322 opus
1096 2255 1132 2308 sit
1159 2252 1334 2306 iudicandum.

298 2341 398 2396 Omitto
424 2342 475 2395 hoc
498 2342 558 2396 loco
581 2357 710 2411 quaerere
732 2343 765 2396 de
787 2343 861 2397 illius
885 2343 1016 2412 epistulae
1035 2340 1195 2395 auctoritate
1213 2339 1280 2392 illud
1299 2338 1337 2390 di·

298 2443 367 2494 cam,
394 2428 510 2482 simodo
529 2427 763 2482 Pseudo-Platoni
781 2429 822 2481 illi
839 2428 904 2482 fides
922 2428 956 2482 sit
975 2427 1147 2494 adiungenda,
1170 2427 1247 2491 longe
1266 2423 1337 2477 alind

298 2520 379 2580 atque
402 2514 550 2576 Drosihnus
573 2515 644 2582 vult,
667 2516 717 2568 hac
740 2514 856 2581 epistula
879 2515 944 2567 mihi
969 2513 1051 2567 videri
1075 2511 1167 2566 evinci.
1204 2510 1245 2562 Ea
1268 2508 1336 2562 enim

299 2615 331 2652 ex
355 2615 398 2670 re,
425 2600 496 2668 quod
519 2609 614 2655 auctor
645 2616 678 2656 ne
702 2603 784 2656 verbo
810 2602 917 2670 quidem
944 2600 1051 2666 attIngit
1077 2598 1177 2652 librum
1208 2596 1280 2650 illius
1305 2595 1337 2647 de

299 2687 470 2755 philosophia
487 2688 629 2755 scriptum,
648 2688 798 2742 Drosihnus
816 2687 917 2753 colligit
941 2686 1043 2739 nullum
1061 2683 1189 2737 eiusmodi
1209 2681 1336 2735 Socratici

300 2773 404 2827 Cebetis
431 2790 498 2843 opus
524 2774 664 2828 exstitisse.
700 2777 736 2828 At
763 2775 815 2827 hoc
844 2789 897 2827 non
920 2777 1009 2840 potest
1033 2771 1155 2836 concedi,
1183 2769 1233 2822 nisi
1259 2767 1337 2833 ponis

299 2868 434 2913 auctorem
459 2860 526 2914 velle
544 2868 666 2928 tempore
691 2862 764 2915 illius
789 2859 921 2927 epistulae
947 2857 1070 2911 Cebetem
1090 2861 1223 2908 mortuum
1248 2853 1338 2908 luisse.

300 2947 376 2999 Unde
394 2947 463 3000 enim
485 2949 590 3013 sciurus,
610 2947 741 3002 Tabulam
759 2953 853 3014 postea
874 2944 1005 2998 conscribi
1024 2959 1077 2996 non
1094 2941 1233 3008 potuisse?
1259 2939 1340 2992 Cuius

300 3033 340 3084 rei
367 3041 459 3087 auctor
491 3034 563 3087 illins
595 3033 725 3101 epistulae
756 3031 883 3100 perfacile
910 3030 999 3097 potuit
1025 3029 1145 3082 notitiam
1172 3026 1284 3092 babere,
1317 3024 1339 3076 si

217 3186 220 3193 Ι
300 3135 360 3171 cum
379 3121 513 3175 Drosihno
532 3137 592 3175 eum
611 3121 730 3174 Platonis
755 3119 915 3186 discipulum
934 3117 1015 3171 inisse
1033 3116 1139 3171 statuis.
1177 3114 1217 3166 De
1234 3119 1338 3166 mortuo

301 3214 392 3260 autern
405 3207 502 3261 Cebete
520 3208 566 3260 illo
585 3207 644 3260 loco
664 3206 716 3259 dici
732 3193 799 3259 adeo
817 3221 869 3258 non
888 3213 929 3258 eet
947 3220 994 3257 cur
1013 3210 1169 3268 statuamus,
1196 3208 1226 3254 ut
1244 3207 1340 3253 contra

300 3291 346 3345 illa
369 3293 499 3347 vocabula
516 3294 543 3346 in
572 3293 701 3346 viventem
727 3292 852 3345 Cebetem
874 3291 957 3344 multo
979 3289 1073 3343 melina
1091 3287 1231 3342 convenire
1258 3301 1340 3352 supra

301 3377 340 3444 (p.
360 3379 386 3446 9)
407 3377 554 3433 viderimus.
593 3377 742 3431 Drosihnus
768 3376 812 3429 ille
838 3375 944 3442 quidem
963 3390 995 3428 eo
1014 3381 1145 3442 tempore,
1170 3389 1222 3440 quo
1246 3378 1340 3425 auctor

303 3463 373 3517 hanc
399 3464 540 3533 epistulam
565 3465 650 3518 voluit
668 3464 846 3530 conscriptam
872 3463 976 3531 putari,
1002 3461 1124 3516 Cebetem
1148 3461 1236 3514 virum
1259 3458 1341 3511 luisse

219 3548 230 3565 ’
303 3559 390 3618 negat.
426 3550 469 3604 Sic
480 3552 549 3605 enim
563 3557 777 3618 argumentatur:
798 3550 920 3604 Cebetem
935 3549 1043 3603 Socrate
1056 3550 1214 3615 interempto
1233 3544 1342 3599 etThe·

307 3637 350 3690 bis
369 3636 489 3692 liberatis
508 3653 561 3691 non
579 3636 698 3705 potuisse
717 3637 832 3690 Athenis
850 3649 995 3689 remanere.
1036 3634 1120 3702 Atqui
1138 3630 1341 3686 Pseudo-Plato

304 3725 361 3778 eins
378 3722 507 3778 familiam
525 3724 600 3778 annis
613 3724 749 3776 367-361
764 3722 827 3775 dIcit
839 3721 953 3774 Athenis
966 3721 1055 3774 falsae.
1091 3719 1165 3785 Ergo
1182 3718 1239 3785 ipse
1258 3716 1342 3770 Cebes

303 3819 427 3864 mortuus
443 3817 502 3864 erat
519 3817 581 3864 ante
600 3809 707 3862 Thebas
725 3808 853 3861 liberatas
871 3806 951 3872 (idem
970 3807 1099 3860 asseritur
1118 3822 1144 3873 p.
1163 3806 1201 3870 b).
1243 3806 1279 3857 At
1297 3803 1342 3854 ubi

306 3904 400 3951 auctor
418 3902 607 3952 commemorat
620 3895 732 3950 Athenis
749 3894 850 3949 vixisse
864 3893 969 3948 CebetIs
987 3891 1076 3946 filias?
1095 3890 1197 3945 Deinde
1215 3907 1268 3959 qno
1286 3891 1343 3943 iure

304 3983 369 4038 licet
388 3985 548 4040 contendere
561 3983 684 4040 Cebetem
698 3983 772 4037 nullo
790 3981 868 4036 modo
886 3987 947 4050 post
961 3979 1096 4034 Socratem
1115 3979 1303 4047 iuteremptunr
1316 3984 1343 4030 et

305 4077 367 4138 post
386 4070 493 4127 Thebas
511 4071 637 4126 liberatas
655 4071 775 4140 potuisse
794 4067 906 4123 Athenis
924 4065 1065 4120 habitare?
