3132 4874
743 398 956 459 „20-

331 571 458 648 praeter
492 564 564 648 M.¹)
603 567 700 633 etiam
735 567 872 648 optimus
906 566 1003 631 codex
1036 566 1073 630 A.
1108 569 1206 632 etex
1236 585 1366 632 numero

330 679 519 745 deteriorum
543 680 580 744 D.
593 680 748 761 praebent
762 678 1008 761 represented),
1032 685 1139 745 tamen
1162 679 1221 745 hoc
1243 680 1366 745 librarii

329 794 428 856 errori
451 793 653 858 tribuendum
685 810 754 858 esse
781 792 928 858 arbitror.
977 792 1067 870 Quod
1099 806 1172 858 vero
1196 793 1241 857 illi
1265 797 1365 875 Περι-

328 906 514 986 πατητικοί,
547 905 631 985 quod
653 910 759 970 exstat
780 905 814 968 in
837 905 949 970 ceteris
982 904 1085 984 libris,
1119 905 1250 969 eandem
1277 904 1364 968 illam

330 1017 489 1082 notionem
506 1017 636 1082 subesse
652 1018 721 1082 vult
736 1017 1060 1098 Schweighaeuserus,
1084 1021 1170 1082 recte
1189 1017 1253 1081 iam
1269 1017 1364 1081 Feur-

329 1128 412 1194 linus
436 1134 638 1209 exposuerat,
673 1129 713 1194 iis
736 1129 826 1209 locis,
856 1131 969 1211 quibus
997 1129 1071 1194 talis
1099 1130 1235 1210 suspicio
1263 1130 1364 1210 primo

330 1240 444 1305 obtutu
467 1241 556 1305 nasci
572 1246 687 1322 potest,
710 1241 790 1306 nihil
812 1241 949 1322 probari.
993 1243 1102 1323 Neque
1127 1242 1209 1306 enim
1232 1259 1364 1322 usquam

327 1355 404 1436 ipsis
421 1354 525 1419 verbis
542 1354 623 1418 alius
639 1354 780 1420 familiae
796 1355 1004 1420 sectatoribus
1016 1354 1095 1419 illud
1107 1371 1221 1418 nornen
1233 1356 1363 1434 inditur,

327 1467 383 1532 sed
404 1467 582 1549 philosophi
603 1468 741 1548 quidam,
764 1487 842 1551 quos
858 1469 930 1534 aliis
946 1469 1060 1533 scholis
1076 1469 1251 1550 adscriptos
1266 1469 1364 1534 fuisse

327 1581 457 1659 scimus,
490 1579 571 1645 falso
598 1581 630 1643 in
659 1581 872 1647 Aristotelicis
903 1586 1121 1647 numerantur.
1174 1582 1264 1659 Quod
1289 1600 1363 1646 vero

328 1692 529 1758 Menedemus
559 1695 689 1777 eiusque
719 1694 865 1776 discipuli
893 1696 978 1776 apud
999 1694 1174 1774 Diogenem
1202 1696 1362 1760 Laertium

208 1849 221 1870 t
326 1805 369 1885 ΙΙ,
395 1810 456 1870 130
479 1806 571 1870 modo
595 1806 751 1886 sedentes
774 1807 866 1871 modo
882 1807 1080 1872 ambulantes
1098 1804 1247 1872 dicuntur
1263 1808 1363 1889 philo-

327 1916 457 1998 sophiae
472 1936 611 1998 vacasse,
628 1918 701 1984 inde
713 1937 805 1984 nemo
818 1938 914 1984 sanus
927 1919 1062 2000 colliget,
1078 1915 1364 2002 Περιπατητικούς

326 2047 380 2094 eos
410 2035 538 2097 vocatos
572 2050 652 2096 esse.
698 2034 801 2113 Adde,
834 2034 916 2115 quod
945 2033 1005 2098 hoc
1034 2035 1101 2098 loco
1129 2038 1257 2113 propter
1285 2034 1363 2097 illud

325 2143 407 2224 quod
416 2136 954 2228 praecedit‘Hdovcaotrequirimus
966 2150 1192 2210 nomencertae
1201 2145 1361 2210 cuiusdam

325 2262 440 2335 sectae,
464 2275 525 2322 non
553 2258 708 2336 ,cuiusvis
732 2257 989 2324 scholasticorum
1014 2257 1170 2337 generis“.

411 2370 459 2433 Ex
491 2369 540 2434 his
575 2369 770 2450 intellegitur
804 2388 918 2436 novam
951 2369 1033 2435 hanc
1068 2369 1361 2450 interpretationem

324 2482 515 2548 reiciendam
538 2499 617 2547 esse.
662 2481 805 2547 Alteram
828 2483 911 2546 viam
934 2482 1071 2562 ingressi
1094 2487 1168 2546 sunt
1184 2481 1360 2560 Fabricius,

324 2593 514 2672 BruckeruS,
531 2592 711 2673 Klopferus,
730 2594 786 2673 qui
801 2593 945 2657 delendis
966 2592 1177 2672 compluribus
1198 2591 1361 2658 vocabulis

323 2706 406 2772 hunc
439 2708 541 2772 locum
575 2723 689 2771 sanare
723 2689 989 2785 offensionemque
1021 2705 1131 2770 tollere
1162 2705 1360 2770 studuerunt.

323 2818 371 2884 Ne
394 2819 562 2884 Feurlinus
594 2819 720 2899 quidem
744 2818 879 2898 resistit,
907 2837 946 2882 ne
969 2836 1019 2898 ea,
1050 2817 1164 2901 quibus
1192 2817 1361 2882 difficultas

323 2933 474 3011 nascitur,
491 2931 656 3010 eiciantur,
672 2949 863 3014 quamquam
875 2930 1111 3010 interpretando
1123 2947 1218 3009 quam
1230 2929 1361 2994 delendo

322 3047 445 3110 mavult
466 3044 544 3108 huic
572 3045 641 3109 loco
673 3061 865 3109 succurrere.
915 3043 1019 3125 Atque
1040 3043 1208 3109 Fabricius
1235 3042 1360 3125 quidem

323 3157 384 3222 duo
407 3157 462 3221 illa
485 3155 647 3233 vocabula,
672 3155 704 3219 in
726 3154 841 3235 quibus
857 3155 992 3219 maxime
1008 3153 1156 3235 offendes,
1176 3146 1360 3234 Ἡδονικοί,

276 3283 283 3300 “
322 3270 590 3349 Περιπατητικοί,
603 3267 823 3349 interpolatori
833 3268 955 3344 tribuit,
963 3267 1129 3334 Feurlinus
1140 3268 1360 3333 etBrucherus

323 3382 385 3446 tria
411 3381 489 3446 haec
503 3373 692 3461 ‘Hdovcxol,
715 3383 985 3462 Περιπατητικοί,
1002 3383 1168 3461 Κριτικοί;
1191 3379 1360 3463 Klopferus

322 3500 446 3573 contra,
469 3513 562 3577 quem
594 3513 691 3576 supra
712 3495 745 3558 in
768 3493 900 3559 delendo
928 3494 1127 3559 audaciorem
1151 3513 1184 3560 se
1207 3494 1359 3575 praehere

322 3607 535 3687 cognovimus,
559 3608 664 3672 omnia
687 3607 766 3671 haee
787 3605 952 3685 vocabula,
976 3607 1132 3687 Ποιηταί,
1151 3598 1358 3689 Ῥήτορες...

409 3759 435 3829 ¹)
455 3760 558 3816 Codicis
583 3760 627 3828 qui
646 3757 782 3814 ferebatur
809 3758 846 3811 Μ.
872 3757 1058 3811 auctoritatem
1085 3757 1170 3814 firmis
1195 3757 1360 3824 argumentis

321 3848 448 3904 convellit
460 3847 608 3902 Muellerus
621 3847 644 3900 d.
657 3861 681 3903 a.
694 3862 732 3902 er.
744 3863 771 3914 p.
786 3847 818 3898 19
831 3860 879 3913 sq,
898 3845 945 3912 qui
962 3860 1022 3898 eum
1035 3859 1130 3911 neque,
1148 3843 1193 3898 ubi
1210 3844 1254 3912 ait,
1273 3858 1359 3912 neque

321 3951 384 3989 num
403 3937 509 3990 omnino
528 3949 639 4004 usquam
656 3933 739 3987 fuerit
762 3932 808 3986 ille
826 3931 910 3986 codex
927 3925 1064 4000 explorari
1081 3931 1178 4001 possit,
1202 3930 1260 3986 iure
1278 3937 1359 3999 negat

320 4023 402 4078 aliter
426 4031 508 4092 utque
535 4020 695 4076 coniecturis
721 4019 760 4073 eis
788 4017 959 4084 lectionibus,
983 4032 1052 4086 quae
1075 4033 1108 4071 ex
1134 4017 1181 4072 illo
1199 4017 1358 4084 efferuntur,

320 4109 447 4166 utendum
465 4126 529 4166 esee.

407 4196 432 4267 ²)
451 4198 573 4267 hdueller,
590 4217 617 4268 p.
635 4201 678 4255 22.
