<?xml version="1.0" encoding="UTF-8"?>
<!DOCTYPE html PUBLIC "-//W3C//DTD XHTML 1.0 Transitional//EN"
    "http://www.w3.org/TR/xhtml1/DTD/xhtml1-transitional.dtd">
<html xmlns="http://www.w3.org/1999/xhtml" xml:lang="en" lang="en">
 <head>
  <title>
</title>
<meta http-equiv="Content-Type" content="text/html;charset=utf-8" />
  <meta name='ocr-system' content='tesseract 3.04.00' />
  <meta name='ocr-capabilities' content='ocr_page ocr_carea ocr_par ocr_line ocrx_word'/>
</head>
<body>
  <div class='ocr_page' id='page_1' title='image "./cebetistabulaqu00praegoog_0103.png"; bbox 0 0 3124 4870; ppageno 0'>
   <div class='ocr_carea' id='block_1_1' title="bbox 703 328 916 388">
    <p class='ocr_par' dir='ltr' id='par_1_1' title="bbox 703 328 916 388">
     <span class='ocr_line' id='line_1_1' title="bbox 703 328 916 388; baseline -0.009 -16"><span class='ocrx_word' id='word_1_1' title='bbox 703 328 916 388; x_wconf 73' lang='lat'>..92-</span> 
     </span>
    </p>
   </div>
   <div class='ocr_carea' id='block_1_2' title="bbox 289 495 1327 3520">
    <p class='ocr_par' dir='ltr' id='par_1_2' title="bbox 289 495 1327 3520">
     <span class='ocr_line' id='line_1_2' title="bbox 293 495 1327 580; baseline 0.001 -19"><span class='ocrx_word' id='word_1_2' title='bbox 293 495 383 574; x_wconf 80' lang='lat' dir='ltr'>Quae</span> <span class='ocrx_word' id='word_1_3' title='bbox 418 497 605 577; x_wconf 83' lang='lat' dir='ltr'>allegoricae</span> <span class='ocrx_word' id='word_1_4' title='bbox 646 495 850 578; x_wconf 83' lang='lat' dir='ltr'>expositionis</span> <span class='ocrx_word' id='word_1_5' title='bbox 891 496 974 562; x_wconf 90' lang='lat' dir='ltr'>ratio</span> <span class='ocrx_word' id='word_1_6' title='bbox 1017 497 1058 561; x_wconf 91' lang='lat' dir='ltr'>ab</span> <span class='ocrx_word' id='word_1_7' title='bbox 1096 513 1148 575; x_wconf 89' lang='lat' dir='ltr'>ea,</span> <span class='ocrx_word' id='word_1_8' title='bbox 1189 495 1228 562; x_wconf 90' lang='lat' dir='ltr'>de</span> <span class='ocrx_word' id='word_1_9' title='bbox 1264 515 1327 580; x_wconf 89' lang='lat' dir='ltr'>qua</span> 
     </span>
     <span class='ocr_line' id='line_1_3' title="bbox 294 609 1327 690; baseline 0.003 -18"><span class='ocrx_word' id='word_1_10' title='bbox 294 609 396 675; x_wconf 88' lang='lat' dir='ltr'>adhuc</span> <span class='ocrx_word' id='word_1_11' title='bbox 426 609 670 689; x_wconf 87' lang='lat' dir='ltr'>disputavimus,</span> <span class='ocrx_word' id='word_1_12' title='bbox 700 609 748 673; x_wconf 91' lang='lat' dir='ltr'>ita</span> <span class='ocrx_word' id='word_1_13' title='bbox 771 610 902 688; x_wconf 79' lang='lat' dir='ltr'>recedit,</span> <span class='ocrx_word' id='word_1_14' title='bbox 937 616 973 675; x_wconf 92' lang='lat' dir='ltr'>nt</span> <span class='ocrx_word' id='word_1_15' title='bbox 1003 609 1067 674; x_wconf 87' lang='lat' dir='ltr'>illic</span> <span class='ocrx_word' id='word_1_16' title='bbox 1100 610 1205 690; x_wconf 89' lang='lat' dir='ltr'>imago</span> <span class='ocrx_word' id='word_1_17' title='bbox 1239 609 1327 689; x_wconf 89' lang='lat' dir='ltr'>prins</span> 
     </span>
     <span class='ocr_line' id='line_1_4' title="bbox 293 721 1326 812; baseline -0.002 -26"><span class='ocrx_word' id='word_1_18' title='bbox 293 723 348 812; x_wconf 83' lang='lat' dir='ltr'>sit,</span> <span class='ocrx_word' id='word_1_19' title='bbox 386 722 543 786; x_wconf 90' lang='lat' dir='ltr'>sententia</span> <span class='ocrx_word' id='word_1_20' title='bbox 580 721 840 803; x_wconf 79' lang='lat' dir='ltr'>substituatur1l,</span> <span class='ocrx_word' id='word_1_21' title='bbox 878 722 927 787; x_wconf 90' lang='lat' dir='ltr'>hio</span> <span class='ocrx_word' id='word_1_22' title='bbox 960 722 1046 803; x_wconf 90' lang='lat' dir='ltr'>prius</span> <span class='ocrx_word' id='word_1_23' title='bbox 1083 721 1125 786; x_wconf 89' lang='lat' dir='ltr'>sit</span> <span class='ocrx_word' id='word_1_24' title='bbox 1157 721 1326 802; x_wconf 86' lang='lat' dir='ltr'>sententia,</span> 
     </span>
     <span class='ocr_line' id='line_1_5' title="bbox 293 831 1326 916; baseline 0 -18"><span class='ocrx_word' id='word_1_25' title='bbox 293 852 371 915; x_wconf 87' lang='lat' dir='ltr'>quae</span> <span class='ocrx_word' id='word_1_26' title='bbox 405 835 543 915; x_wconf 86' lang='lat' dir='ltr'>imagine</span> <span class='ocrx_word' id='word_1_27' title='bbox 573 836 662 916; x_wconf 85' lang='lat' dir='ltr'>quasi</span> <span class='ocrx_word' id='word_1_28' title='bbox 688 835 853 899; x_wconf 88' lang='lat' dir='ltr'>vestiatur.</span> <span class='ocrx_word' id='word_1_29' title='bbox 912 831 973 898; x_wconf 87' lang='lat' dir='ltr'>Sed</span> <span class='ocrx_word' id='word_1_30' title='bbox 1003 850 1043 896; x_wconf 91' lang='lat' dir='ltr'>ne</span> <span class='ocrx_word' id='word_1_31' title='bbox 1077 833 1170 898; x_wconf 89' lang='lat' dir='ltr'>huius</span> <span class='ocrx_word' id='word_1_32' title='bbox 1201 833 1326 915; x_wconf 90' lang='lat' dir='ltr'>quidem</span> 
     </span>
     <span class='ocr_line' id='line_1_6' title="bbox 291 945 1326 1029; baseline 0 -18"><span class='ocrx_word' id='word_1_33' title='bbox 291 947 415 1027; x_wconf 87' lang='lat' dir='ltr'>generis</span> <span class='ocrx_word' id='word_1_34' title='bbox 438 947 609 1026; x_wconf 84' lang='lat' dir='ltr'>allegoriae</span> <span class='ocrx_word' id='word_1_35' title='bbox 631 948 772 1026; x_wconf 83' lang='lat' dir='ltr'>exempla</span> <span class='ocrx_word' id='word_1_36' title='bbox 802 946 885 1029; x_wconf 88' lang='lat' dir='ltr'>apud</span> <span class='ocrx_word' id='word_1_37' title='bbox 908 945 1030 1012; x_wconf 92' lang='lat' dir='ltr'>Stoicos</span> <span class='ocrx_word' id='word_1_38' title='bbox 1054 947 1177 1014; x_wconf 88' lang='lat' dir='ltr'>desunt.</span> <span class='ocrx_word' id='word_1_39' title='bbox 1219 947 1326 1012; x_wconf 90' lang='lat' dir='ltr'>Philo-</span> 
     </span>
     <span class='ocr_line' id='line_1_7' title="bbox 292 1059 1327 1140; baseline 0.001 -17"><span class='ocrx_word' id='word_1_40' title='bbox 292 1060 420 1140; x_wconf 87' lang='lat' dir='ltr'>sophiae</span> <span class='ocrx_word' id='word_1_41' title='bbox 434 1060 518 1124; x_wconf 89' lang='lat' dir='ltr'>enim</span> <span class='ocrx_word' id='word_1_42' title='bbox 533 1077 608 1123; x_wconf 91' lang='lat' dir='ltr'>suae</span> <span class='ocrx_word' id='word_1_43' title='bbox 622 1059 825 1140; x_wconf 83' lang='lat' dir='ltr'>partitionem</span> <span class='ocrx_word' id='word_1_44' title='bbox 846 1059 893 1124; x_wconf 88' lang='lat' dir='ltr'>ita</span> <span class='ocrx_word' id='word_1_45' title='bbox 908 1059 1153 1140; x_wconf 84' lang='lat' dir='ltr'>descripserunt,</span> <span class='ocrx_word' id='word_1_46' title='bbox 1176 1063 1212 1123; x_wconf 95' lang='lat' dir='ltr'>ut</span> <span class='ocrx_word' id='word_1_47' title='bbox 1226 1064 1327 1124; x_wconf 90' lang='lat' dir='ltr'>totam</span> 
     </span>
     <span class='ocr_line' id='line_1_8' title="bbox 290 1171 1326 1254; baseline 0 -18"><span class='ocrx_word' id='word_1_48' title='bbox 290 1172 520 1254; x_wconf 90' lang='lat' dir='ltr'>philosophiam</span> <span class='ocrx_word' id='word_1_49' title='bbox 543 1177 763 1251; x_wconf 88' lang='lat' dir='ltr'>compararent</span> <span class='ocrx_word' id='word_1_50' title='bbox 777 1190 848 1236; x_wconf 89' lang='lat' dir='ltr'>cum</span> <span class='ocrx_word' id='word_1_51' title='bbox 863 1172 963 1252; x_wconf 89' lang='lat' dir='ltr'>horto,</span> <span class='ocrx_word' id='word_1_52' title='bbox 988 1171 1074 1236; x_wconf 87' lang='lat' dir='ltr'>cuius</span> <span class='ocrx_word' id='word_1_53' title='bbox 1097 1172 1326 1252; x_wconf 89' lang='lat' dir='ltr'>saepimentum</span> 
     </span>
     <span class='ocr_line' id='line_1_9' title="bbox 292 1284 1326 1367; baseline 0.002 -19"><span class='ocrx_word' id='word_1_54' title='bbox 292 1289 376 1349; x_wconf 89' lang='lat' dir='ltr'>esset</span> <span class='ocrx_word' id='word_1_55' title='bbox 404 1286 519 1366; x_wconf 87' lang='lat' dir='ltr'>logice,</span> <span class='ocrx_word' id='word_1_56' title='bbox 550 1286 678 1350; x_wconf 90' lang='lat' dir='ltr'>arbores</span> <span class='ocrx_word' id='word_1_57' title='bbox 709 1285 849 1367; x_wconf 89' lang='lat' dir='ltr'>physice,</span> <span class='ocrx_word' id='word_1_58' title='bbox 879 1284 1000 1350; x_wconf 86' lang='lat' dir='ltr'>fructus</span> <span class='ocrx_word' id='word_1_59' title='bbox 1031 1285 1146 1367; x_wconf 81' lang='lat' dir='ltr'>ethice3</span> <span class='ocrx_word' id='word_1_60' title='bbox 1176 1286 1227 1350; x_wconf 88' lang='lat' dir='ltr'>vel</span> <span class='ocrx_word' id='word_1_61' title='bbox 1254 1286 1326 1350; x_wconf 92' lang='lat' dir='ltr'>nni·</span> 
     </span>
     <span class='ocr_line' id='line_1_10' title="bbox 291 1397 1324 1480; baseline -0.001 -18"><span class='ocrx_word' id='word_1_62' title='bbox 291 1415 412 1462; x_wconf 88' lang='lat' dir='ltr'>versam</span> <span class='ocrx_word' id='word_1_63' title='bbox 435 1397 665 1480; x_wconf 88' lang='lat' dir='ltr'>philosophiam</span> <span class='ocrx_word' id='word_1_64' title='bbox 688 1416 758 1463; x_wconf 89' lang='lat' dir='ltr'>cum</span> <span class='ocrx_word' id='word_1_65' title='bbox 782 1416 855 1479; x_wconf 93' lang='lat' dir='ltr'>ovo,</span> <span class='ocrx_word' id='word_1_66' title='bbox 878 1398 1001 1479; x_wconf 85' lang='lat' dir='ltr'>logicen</span> <span class='ocrx_word' id='word_1_67' title='bbox 1024 1416 1095 1463; x_wconf 90' lang='lat' dir='ltr'>oum</span> <span class='ocrx_word' id='word_1_68' title='bbox 1118 1401 1217 1478; x_wconf 89' lang='lat' dir='ltr'>testa,</span> <span class='ocrx_word' id='word_1_69' title='bbox 1246 1397 1324 1479; x_wconf 81' lang='lat' dir='ltr'>phy-</span> 
     </span>
     <span class='ocr_line' id='line_1_11' title="bbox 291 1509 1325 1591; baseline 0.002 -17"><span class='ocrx_word' id='word_1_70' title='bbox 291 1509 376 1574; x_wconf 87' lang='lat' dir='ltr'>sicen</span> <span class='ocrx_word' id='word_1_71' title='bbox 399 1528 470 1575; x_wconf 89' lang='lat' dir='ltr'>aum</span> <span class='ocrx_word' id='word_1_72' title='bbox 492 1511 564 1575; x_wconf 91' lang='lat' dir='ltr'>alba</span> <span class='ocrx_word' id='word_1_73' title='bbox 587 1511 654 1574; x_wconf 90' lang='lat' dir='ltr'>eius</span> <span class='ocrx_word' id='word_1_74' title='bbox 677 1517 777 1590; x_wconf 88' lang='lat' dir='ltr'>parte,</span> <span class='ocrx_word' id='word_1_75' title='bbox 800 1511 923 1576; x_wconf 90' lang='lat' dir='ltr'>ethicen</span> <span class='ocrx_word' id='word_1_76' title='bbox 947 1529 1018 1576; x_wconf 92' lang='lat' dir='ltr'>cum</span> <span class='ocrx_word' id='word_1_77' title='bbox 1037 1509 1129 1591; x_wconf 87' lang='lat' dir='ltr'>flava,</span> <span class='ocrx_word' id='word_1_78' title='bbox 1153 1511 1202 1576; x_wconf 84' lang='lat' dir='ltr'>uel</span> <span class='ocrx_word' id='word_1_79' title='bbox 1224 1514 1325 1576; x_wconf 88' lang='lat' dir='ltr'>totam</span> 
     </span>
     <span class='ocr_line' id='line_1_12' title="bbox 290 1603 1325 1704; baseline 0.001 -19"><span class='ocrx_word' id='word_1_80' title='bbox 290 1603 519 1704; x_wconf 87' lang='lat' dir='ltr'>philosophiam</span> <span class='ocrx_word' id='word_1_81' title='bbox 543 1641 613 1687; x_wconf 86' lang='lat' dir='ltr'>eum</span> <span class='ocrx_word' id='word_1_82' title='bbox 636 1641 774 1704; x_wconf 90' lang='lat' dir='ltr'>corpore,</span> <span class='ocrx_word' id='word_1_83' title='bbox 799 1624 887 1688; x_wconf 90' lang='lat' dir='ltr'>cuius</span> <span class='ocrx_word' id='word_1_84' title='bbox 910 1623 1034 1689; x_wconf 90' lang='lat' dir='ltr'>ossibus</span> <span class='ocrx_word' id='word_1_85' title='bbox 1058 1628 1091 1687; x_wconf 93' lang='lat' dir='ltr'>et</span> <span class='ocrx_word' id='word_1_86' title='bbox 1107 1623 1211 1690; x_wconf 88' lang='lat' dir='ltr'>nervis</span> <span class='ocrx_word' id='word_1_87' title='bbox 1227 1623 1325 1704; x_wconf 87' lang='lat' dir='ltr'>signi-</span> 
     </span>
     <span class='ocr_line' id='line_1_13' title="bbox 289 1733 1321 1818; baseline 0.001 -21"><span class='ocrx_word' id='word_1_88' title='bbox 289 1733 435 1799; x_wconf 88' lang='lat' dir='ltr'>ficaretur</span> <span class='ocrx_word' id='word_1_89' title='bbox 447 1734 558 1814; x_wconf 90' lang='lat' dir='ltr'>logice,</span> <span class='ocrx_word' id='word_1_90' title='bbox 581 1752 675 1798; x_wconf 89' lang='lat' dir='ltr'>carne</span> <span class='ocrx_word' id='word_1_91' title='bbox 690 1735 802 1814; x_wconf 87' lang='lat' dir='ltr'>ethice,</span> <span class='ocrx_word' id='word_1_92' title='bbox 818 1736 924 1801; x_wconf 87' lang='lat' dir='ltr'>anima</span> <span class='ocrx_word' id='word_1_93' title='bbox 939 1734 1109 1818; x_wconf 73' lang='lat' dir='ltr'>physice2).</span> <span class='ocrx_word' id='word_1_94' title='bbox 1147 1736 1231 1813; x_wconf 83' lang='lat' dir='ltr'>Quas</span> <span class='ocrx_word' id='word_1_95' title='bbox 1246 1736 1321 1799; x_wconf 90' lang='lat' dir='ltr'>ima-</span> 
     </span>
     <span class='ocr_line' id='line_1_14' title="bbox 290 1844 1325 1930; baseline 0.002 -21"><span class='ocrx_word' id='word_1_96' title='bbox 290 1847 379 1927; x_wconf 92' lang='lat' dir='ltr'>gines</span> <span class='ocrx_word' id='word_1_97' title='bbox 401 1846 485 1911; x_wconf 91' lang='lat' dir='ltr'>haud</span> <span class='ocrx_word' id='word_1_98' title='bbox 506 1847 613 1927; x_wconf 90' lang='lat' dir='ltr'>inepte</span> <span class='ocrx_word' id='word_1_99' title='bbox 632 1844 897 1930; x_wconf 85' lang='lat' dir='ltr'>Wellmannius³)</span> <span class='ocrx_word' id='word_1_100' title='bbox 921 1848 960 1912; x_wconf 93' lang='lat' dir='ltr'>ab</span> <span class='ocrx_word' id='word_1_101' title='bbox 983 1849 1051 1929; x_wconf 90' lang='lat' dir='ltr'>ipso</span> <span class='ocrx_word' id='word_1_102' title='bbox 1075 1847 1199 1913; x_wconf 81' lang='lat' dir='ltr'>Stoicae</span> <span class='ocrx_word' id='word_1_103' title='bbox 1221 1852 1325 1913; x_wconf 87' lang='lat' dir='ltr'>sectae</span> 
     </span>
     <span class='ocr_line' id='line_1_15' title="bbox 290 1959 1325 2043; baseline 0.001 -19"><span class='ocrx_word' id='word_1_104' title='bbox 290 1959 461 2038; x_wconf 90' lang='lat' dir='ltr'>conditore,</span> <span class='ocrx_word' id='word_1_105' title='bbox 485 1959 620 2040; x_wconf 91' lang='lat' dir='ltr'>Zenone,</span> <span class='ocrx_word' id='word_1_106' title='bbox 643 1964 736 2040; x_wconf 89' lang='lat' dir='ltr'>putat</span> <span class='ocrx_word' id='word_1_107' title='bbox 751 1959 906 2039; x_wconf 87' lang='lat' dir='ltr'>originem</span> <span class='ocrx_word' id='word_1_108' title='bbox 929 1961 1071 2039; x_wconf 85' lang='lat' dir='ltr'>traxisse,</span> <span class='ocrx_word' id='word_1_109' title='bbox 1096 1962 1211 2043; x_wconf 91' lang='lat' dir='ltr'>quippe</span> <span class='ocrx_word' id='word_1_110' title='bbox 1233 1978 1325 2040; x_wconf 90' lang='lat' dir='ltr'>quem</span> 
     </span>
     <span class='ocr_line' id='line_1_16' title="bbox 290 2071 1326 2152; baseline 0.002 -17"><span class='ocrx_word' id='word_1_111' title='bbox 290 2071 462 2152; x_wconf 88' lang='lat' dir='ltr'>imaginum</span> <span class='ocrx_word' id='word_1_112' title='bbox 485 2077 645 2137; x_wconf 89' lang='lat' dir='ltr'>amantem</span> <span class='ocrx_word' id='word_1_113' title='bbox 677 2105 713 2116; x_wconf 90' lang='lat'>-</span> <span class='ocrx_word' id='word_1_114' title='bbox 746 2077 782 2136; x_wconf 94' lang='lat' dir='ltr'>ut</span> <span class='ocrx_word' id='word_1_115' title='bbox 805 2072 871 2136; x_wconf 89' lang='lat' dir='ltr'>iere</span> <span class='ocrx_word' id='word_1_116' title='bbox 893 2073 997 2138; x_wconf 87' lang='lat' dir='ltr'>solent</span> <span class='ocrx_word' id='word_1_117' title='bbox 1019 2073 1132 2138; x_wconf 83' lang='lat' dir='ltr'>Asiani</span> <span class='ocrx_word' id='word_1_118' title='bbox 1158 2108 1201 2119; x_wconf 92' lang='lat'>-</span> <span class='ocrx_word' id='word_1_119' title='bbox 1227 2072 1326 2138; x_wconf 88' lang='lat' dir='ltr'>fuisse</span> 
     </span>
     <span class='ocr_line' id='line_1_17' title="bbox 292 2183 1325 2266; baseline 0.001 -17"><span class='ocrx_word' id='word_1_120' title='bbox 292 2185 385 2250; x_wconf 88' lang='lat' dir='ltr'>liceat</span> <span class='ocrx_word' id='word_1_121' title='bbox 407 2185 568 2266; x_wconf 88' lang='lat' dir='ltr'>suspicari.</span> <span class='ocrx_word' id='word_1_122' title='bbox 609 2184 699 2262; x_wconf 81' lang='lat' dir='ltr'>Quod</span> <span class='ocrx_word' id='word_1_123' title='bbox 720 2189 793 2248; x_wconf 92' lang='lat' dir='ltr'>utut</span> <span class='ocrx_word' id='word_1_124' title='bbox 815 2183 976 2265; x_wconf 88' lang='lat' dir='ltr'>sehabet,</span> <span class='ocrx_word' id='word_1_125' title='bbox 999 2190 1083 2250; x_wconf 87' lang='lat' dir='ltr'>certe</span> <span class='ocrx_word' id='word_1_126' title='bbox 1098 2184 1192 2252; x_wconf 84' lang='lat' dir='ltr'>Stoici</span> <span class='ocrx_word' id='word_1_127' title='bbox 1215 2185 1325 2265; x_wconf 87' lang='lat' dir='ltr'>primis</span> 
     </span>
     <span class='ocr_line' id='line_1_18' title="bbox 290 2296 1325 2378; baseline 0.002 -17"><span class='ocrx_word' id='word_1_128' title='bbox 290 2297 353 2361; x_wconf 90' lang='lat' dir='ltr'>iam</span> <span class='ocrx_word' id='word_1_129' title='bbox 383 2303 454 2378; x_wconf 91' lang='lat' dir='ltr'>post</span> <span class='ocrx_word' id='word_1_130' title='bbox 483 2296 638 2361; x_wconf 87' lang='lat' dir='ltr'>conditam</span> <span class='ocrx_word' id='word_1_131' title='bbox 669 2301 788 2362; x_wconf 89' lang='lat' dir='ltr'>sectam</span> <span class='ocrx_word' id='word_1_132' title='bbox 819 2297 1013 2377; x_wconf 89' lang='lat' dir='ltr'>temporibus</span> <span class='ocrx_word' id='word_1_133' title='bbox 1043 2298 1196 2364; x_wconf 91' lang='lat' dir='ltr'>eiusmodi</span> <span class='ocrx_word' id='word_1_134' title='bbox 1224 2305 1325 2363; x_wconf 90' lang='lat' dir='ltr'>trans·</span> 
     </span>
     <span class='ocr_line' id='line_1_19' title="bbox 290 2408 1325 2490; baseline 0.003 -16"><span class='ocrx_word' id='word_1_135' title='bbox 290 2409 462 2476; x_wconf 85' lang='lat' dir='ltr'>lotionibus</span> <span class='ocrx_word' id='word_1_136' title='bbox 491 2409 670 2474; x_wconf 89' lang='lat' dir='ltr'>studebant.</span> <span class='ocrx_word' id='word_1_137' title='bbox 720 2409 867 2473; x_wconf 88' lang='lat' dir='ltr'>Declarat</span> <span class='ocrx_word' id='word_1_138' title='bbox 897 2408 1058 2475; x_wconf 80' lang='lat' dir='ltr'>Cleanthis</span> <span class='ocrx_word' id='word_1_139' title='bbox 1088 2411 1143 2474; x_wconf 91' lang='lat' dir='ltr'>illa</span> <span class='ocrx_word' id='word_1_140' title='bbox 1172 2411 1275 2490; x_wconf 90' lang='lat' dir='ltr'>imago</span> <span class='ocrx_word' id='word_1_141' title='bbox 1305 2431 1325 2477; x_wconf 90' lang='lat' dir='ltr'>a</span> 
     </span>
     <span class='ocr_line' id='line_1_20' title="bbox 291 2519 1325 2603; baseline 0.006 -19"><span class='ocrx_word' id='word_1_142' title='bbox 291 2519 441 2586; x_wconf 80' lang='lat' dir='ltr'>Cicerone</span> <span class='ocrx_word' id='word_1_143' title='bbox 464 2521 576 2586; x_wconf 91' lang='lat' dir='ltr'>defin.</span> <span class='ocrx_word' id='word_1_144' title='bbox 600 2520 632 2586; x_wconf 93' lang='lat' dir='ltr'>ll</span> <span class='ocrx_word' id='word_1_145' title='bbox 655 2526 707 2600; x_wconf 83' lang='lat'>21,</span> <span class='ocrx_word' id='word_1_146' title='bbox 721 2527 762 2587; x_wconf 87' lang='grc'>69</span> <span class='ocrx_word' id='word_1_147' title='bbox 785 2521 834 2587; x_wconf 91' lang='lat' dir='ltr'>his</span> <span class='ocrx_word' id='word_1_148' title='bbox 856 2523 960 2587; x_wconf 89' lang='lat' dir='ltr'>verbis</span> <span class='ocrx_word' id='word_1_149' title='bbox 988 2522 1160 2603; x_wconf 87' lang='lat' dir='ltr'>descripta:</span> <span class='ocrx_word' id='word_1_150' title='bbox 1187 2524 1325 2590; x_wconf 82' lang='lat' dir='ltr'>lubebat</span> 
     </span>
     <span class='ocr_line' id='line_1_21' title="bbox 292 2635 1326 2717; baseline 0.002 -18"><span class='ocrx_word' id='word_1_151' title='bbox 292 2652 356 2716; x_wconf 90' lang='lat' dir='ltr'>eos,</span> <span class='ocrx_word' id='word_1_152' title='bbox 373 2635 427 2715; x_wconf 89' lang='lat' dir='ltr'>qui</span> <span class='ocrx_word' id='word_1_153' title='bbox 442 2635 624 2716; x_wconf 85' lang='lat' dir='ltr'>audiebant,</span> <span class='ocrx_word' id='word_1_154' title='bbox 647 2653 751 2700; x_wconf 91' lang='lat' dir='ltr'>secum</span> <span class='ocrx_word' id='word_1_155' title='bbox 775 2636 860 2716; x_wconf 90' lang='lat' dir='ltr'>ipsos</span> <span class='ocrx_word' id='word_1_156' title='bbox 875 2637 1016 2716; x_wconf 87' lang='lat' dir='ltr'>cogitare</span> <span class='ocrx_word' id='word_1_157' title='bbox 1031 2635 1147 2717; x_wconf 88' lang='lat' dir='ltr'>pictam</span> <span class='ocrx_word' id='word_1_158' title='bbox 1168 2636 1201 2700; x_wconf 92' lang='lat' dir='ltr'>in</span> <span class='ocrx_word' id='word_1_159' title='bbox 1218 2637 1326 2701; x_wconf 87' lang='lat' dir='ltr'>tabula</span> 
     </span>
     <span class='ocr_line' id='line_1_22' title="bbox 289 2747 1325 2832; baseline 0.003 -20"><span class='ocrx_word' id='word_1_160' title='bbox 289 2747 492 2829; x_wconf 88' lang='lat' dir='ltr'>Voluptatem</span> <span class='ocrx_word' id='word_1_161' title='bbox 516 2749 724 2830; x_wconf 89' lang='lat' dir='ltr'>pulcherrimo</span> <span class='ocrx_word' id='word_1_162' title='bbox 739 2750 856 2816; x_wconf 89' lang='lat' dir='ltr'>vestitu</span> <span class='ocrx_word' id='word_1_163' title='bbox 879 2756 911 2814; x_wconf 92' lang='lat' dir='ltr'>et</span> <span class='ocrx_word' id='word_1_164' title='bbox 933 2757 1046 2817; x_wconf 92' lang='lat' dir='ltr'>ornatu</span> <span class='ocrx_word' id='word_1_165' title='bbox 1068 2750 1168 2832; x_wconf 86' lang='lat' dir='ltr'>regali</span> <span class='ocrx_word' id='word_1_166' title='bbox 1190 2751 1223 2815; x_wconf 89' lang='lat' dir='ltr'>in</span> <span class='ocrx_word' id='word_1_167' title='bbox 1246 2751 1325 2815; x_wconf 91' lang='lat' dir='ltr'>solio</span> 
     </span>
     <span class='ocr_line' id='line_1_23' title="bbox 290 2860 1326 2945; baseline 0.003 -20"><span class='ocrx_word' id='word_1_168' title='bbox 290 2860 465 2942; x_wconf 90' lang='lat' dir='ltr'>sedentcm;</span> <span class='ocrx_word' id='word_1_169' title='bbox 488 2868 615 2944; x_wconf 90' lang='lat' dir='ltr'>praesto</span> <span class='ocrx_word' id='word_1_170' title='bbox 638 2881 707 2929; x_wconf 90' lang='lat' dir='ltr'>esse</span> <span class='ocrx_word' id='word_1_171' title='bbox 725 2863 869 2930; x_wconf 89' lang='lat' dir='ltr'>Virtutes</span> <span class='ocrx_word' id='word_1_172' title='bbox 892 2869 929 2929; x_wconf 95' lang='lat' dir='ltr'>ut</span> <span class='ocrx_word' id='word_1_173' title='bbox 947 2865 1121 2945; x_wconf 89' lang='lat' dir='ltr'>ancillulas,</span> <span class='ocrx_word' id='word_1_174' title='bbox 1145 2883 1225 2945; x_wconf 89' lang='lat' dir='ltr'>quae</span> <span class='ocrx_word' id='word_1_175' title='bbox 1246 2864 1326 2929; x_wconf 90' lang='lat' dir='ltr'>nihil</span> 
     </span>
     <span class='ocr_line' id='line_1_24' title="bbox 290 2972 1325 3058; baseline 0.004 -22"><span class='ocrx_word' id='word_1_176' title='bbox 290 2972 374 3037; x_wconf 91' lang='lat' dir='ltr'>aliud</span> <span class='ocrx_word' id='word_1_177' title='bbox 386 2980 516 3055; x_wconf 87' lang='lat' dir='ltr'>agerent</span> <span class='ocrx_word' id='word_1_178' title='bbox 533 3025 540 3039; x_wconf 90' lang='lat'><strong>.</strong></span> <span class='ocrx_word' id='word_1_179' title='bbox 557 3024 581 3056; x_wconf 91' lang='lat'>.,</span> <span class='ocrx_word' id='word_1_180' title='bbox 596 2975 658 3040; x_wconf 88' lang='lat' dir='ltr'>nisi</span> <span class='ocrx_word' id='word_1_181' title='bbox 672 2981 709 3040; x_wconf 94' lang='lat' dir='ltr'>ut</span> <span class='ocrx_word' id='word_1_182' title='bbox 717 2975 880 3058; x_wconf 89' lang='lat' dir='ltr'>Voluptati</span> <span class='ocrx_word' id='word_1_183' title='bbox 895 2977 1122 3043; x_wconf 87' lang='lat' dir='ltr'>ministrarent.</span> <span class='ocrx_word' id='word_1_184' title='bbox 1134 3014 1177 3024; x_wconf 91' lang='lat'><em>-</em></span> <span class='ocrx_word' id='word_1_185' title='bbox 1189 2977 1325 3043; x_wconf 88' lang='lat' dir='ltr'>Divitias</span> 
     </span>
     <span class='ocr_line' id='line_1_25' title="bbox 290 3085 1324 3177; baseline 0.004 -27"><span class='ocrx_word' id='word_1_186' title='bbox 290 3091 323 3150; x_wconf 90' lang='lat' dir='ltr'>et</span> <span class='ocrx_word' id='word_1_187' title='bbox 336 3085 496 3152; x_wconf 89' lang='lat' dir='ltr'>Virtutem</span> <span class='ocrx_word' id='word_1_188' title='bbox 510 3088 601 3152; x_wconf 83' lang='lat' dir='ltr'>Telos</span> <span class='ocrx_word' id='word_1_189' title='bbox 623 3089 707 3153; x_wconf 88' lang='lat' dir='ltr'>inter</span> <span class='ocrx_word' id='word_1_190' title='bbox 729 3106 763 3154; x_wconf 89' lang='lat' dir='ltr'>sa</span> <span class='ocrx_word' id='word_1_191' title='bbox 786 3089 906 3155; x_wconf 92' lang='lat' dir='ltr'>inducit</span> <span class='ocrx_word' id='word_1_192' title='bbox 928 3091 1116 3177; x_wconf 87' lang='lat' dir='ltr'>altercantes</span> <span class='ocrx_word' id='word_1_193' title='bbox 1136 3091 1221 3172; x_wconf 89' lang='lat' dir='ltr'>apud</span> <span class='ocrx_word' id='word_1_194' title='bbox 1235 3089 1324 3156; x_wconf 89' lang='lat' dir='ltr'>Stob.</span> 
     </span>
     <span class='ocr_line' id='line_1_26' title="bbox 290 3200 1324 3286; baseline 0.006 -23"><span class='ocrx_word' id='word_1_195' title='bbox 290 3202 342 3278; x_wconf 87' lang='grc'>91,</span> <span class='ocrx_word' id='word_1_196' title='bbox 352 3204 403 3278; x_wconf 85' lang='grc'>33,</span> <span class='ocrx_word' id='word_1_197' title='bbox 427 3200 683 3282; x_wconf 85' lang='lat' dir='ltr'>ubiauxiliantes</span> <span class='ocrx_word' id='word_1_198' title='bbox 707 3202 897 3267; x_wconf 89' lang='lat' dir='ltr'>subveniunt</span> <span class='ocrx_word' id='word_1_199' title='bbox 912 3203 1109 3286; x_wconf 89' lang='lat' dir='ltr'>Voluptates,</span> <span class='ocrx_word' id='word_1_200' title='bbox 1125 3204 1213 3286; x_wconf 88' lang='lat' dir='ltr'>Spes,</span> <span class='ocrx_word' id='word_1_201' title='bbox 1230 3203 1324 3283; x_wconf 91' lang='lat' dir='ltr'>Vota,</span> 
     </span>
     <span class='ocr_line' id='line_1_27' title="bbox 291 3312 1324 3400; baseline 0.001 -22"><span class='ocrx_word' id='word_1_202' title='bbox 291 3312 496 3394; x_wconf 81' lang='lat' dir='ltr'>Cupiditates,</span> <span class='ocrx_word' id='word_1_203' title='bbox 519 3315 609 3379; x_wconf 92' lang='lat' dir='ltr'>Bona</span> <span class='ocrx_word' id='word_1_204' title='bbox 631 3313 798 3396; x_wconf 90' lang='lat' dir='ltr'>Valetudo,</span> <span class='ocrx_word' id='word_1_205' title='bbox 821 3315 1027 3400; x_wconf 83' lang='lat' dir='ltr'>Parsimonia,</span> <span class='ocrx_word' id='word_1_206' title='bbox 1050 3317 1199 3382; x_wconf 85' lang='lat' dir='ltr'>Luxuria.</span> <span class='ocrx_word' id='word_1_207' title='bbox 1237 3315 1324 3380; x_wconf 91' lang='lat' dir='ltr'>Idem</span> 
     </span>
     <span class='ocr_line' id='line_1_28' title="bbox 289 3426 1323 3520; baseline 0.002 -30"><span class='ocrx_word' id='word_1_208' title='bbox 289 3426 468 3506; x_wconf 87' lang='lat' dir='ltr'>paupertati</span> <span class='ocrx_word' id='word_1_209' title='bbox 496 3446 663 3508; x_wconf 89' lang='lat' dir='ltr'>personam</span> <span class='ocrx_word' id='word_1_210' title='bbox 691 3428 795 3494; x_wconf 89' lang='lat' dir='ltr'>induit</span> <span class='ocrx_word' id='word_1_211' title='bbox 817 3428 905 3495; x_wconf 86' lang='lat' dir='ltr'>Stob.</span> <span class='ocrx_word' id='word_1_212' title='bbox 931 3431 1056 3512; x_wconf 82' lang='lat'>5,67⁴).</span> <span class='ocrx_word' id='word_1_213' title='bbox 1103 3430 1232 3520; x_wconf 75' lang='lat' dir='ltr'>Nahoc</span> <span class='ocrx_word' id='word_1_214' title='bbox 1255 3429 1323 3511; x_wconf 92' lang='lat' dir='ltr'>qui-</span> 
     </span>
    </p>
   </div>
   <div class='ocr_carea' id='block_1_3' title="bbox 290 3591 463 3604">
    <p class='ocr_par' dir='ltr' id='par_1_3' title="bbox 290 3591 463 3604">
     <span class='ocr_line' id='line_1_29' title="bbox 290 3591 463 3604; baseline 0.006 -1"><span class='ocrx_word' id='word_1_215' title='bbox 290 3591 463 3604; x_wconf 46' lang='lat' dir='ltr'>m</span> 
     </span>
    </p>
   </div>
   <div class='ocr_carea' id='block_1_4' title="bbox 287 3678 1325 4192">
    <p class='ocr_par' dir='ltr' id='par_1_4' title="bbox 287 3678 1325 3845">
     <span class='ocr_line' id='line_1_30' title="bbox 376 3678 1325 3756; baseline -0.002 -15"><span class='ocrx_word' id='word_1_216' title='bbox 376 3688 397 3755; x_wconf 82' lang='lat'>¹)</span> <span class='ocrx_word' id='word_1_217' title='bbox 416 3687 503 3743; x_wconf 84' lang='lat' dir='ltr'>Huius</span> <span class='ocrx_word' id='word_1_218' title='bbox 527 3687 632 3756; x_wconf 84' lang='lat' dir='ltr'>generis</span> <span class='ocrx_word' id='word_1_219' title='bbox 657 3690 806 3756; x_wconf 87' lang='lat' dir='ltr'>exemplum</span> <span class='ocrx_word' id='word_1_220' title='bbox 831 3689 859 3744; x_wconf 94' lang='lat' dir='ltr'>in</span> <span class='ocrx_word' id='word_1_221' title='bbox 877 3688 982 3745; x_wconf 85' lang='lat' dir='ltr'>Tabula</span> <span class='ocrx_word' id='word_1_222' title='bbox 1007 3687 1124 3744; x_wconf 88' lang='lat' dir='ltr'>occurrit</span> <span class='ocrx_word' id='word_1_223' title='bbox 1142 3689 1202 3756; x_wconf 80' lang='lat'>8,3:</span> <span class='ocrx_word' id='word_1_224' title='bbox 1230 3678 1325 3755; x_wconf 77' lang='grc' dir='ltr'>ἡγὰρ</span> 
     </span>
     <span class='ocr_line' id='line_1_31' title="bbox 287 3763 1194 3845; baseline 0.003 -21"><span class='ocrx_word' id='word_1_225' title='bbox 287 3763 443 3843; x_wconf 75' lang='grc' dir='ltr'>Ἀφροσύνη</span> <span class='ocrx_word' id='word_1_226' title='bbox 460 3779 521 3837; x_wconf 75' lang='grc' dir='ltr'><strong><em>τοῖς</em></strong></span> <span class='ocrx_word' id='word_1_227' title='bbox 539 3766 703 3844; x_wconf 72' lang='grc' dir='ltr'><strong><em>ἀνθρώποις</em></strong></span> <span class='ocrx_word' id='word_1_228' title='bbox 724 3777 817 3845; x_wconf 76' lang='grc' dir='ltr'><strong><em>Σφίγξ</em></strong></span> <span class='ocrx_word' id='word_1_229' title='bbox 834 3769 922 3844; x_wconf 59' lang='grc' dir='ltr'>ἔστω</span> <span class='ocrx_word' id='word_1_230' title='bbox 940 3775 995 3830; x_wconf 85' lang='lat' dir='ltr'>vid.</span> <span class='ocrx_word' id='word_1_231' title='bbox 1012 3775 1073 3829; x_wconf 84' lang='lat' dir='ltr'>infr.</span> <span class='ocrx_word' id='word_1_232' title='bbox 1090 3791 1116 3843; x_wconf 89' lang='lat' dir='ltr'>p.</span> <span class='ocrx_word' id='word_1_233' title='bbox 1137 3777 1194 3828; x_wconf 86' lang='lat'>102.</span> 
     </span>
    </p>

    <p class='ocr_par' dir='ltr' id='par_1_5' title="bbox 289 3859 1324 4018">
     <span class='ocr_line' id='line_1_32' title="bbox 376 3859 1324 3931; baseline -0.002 -17"><span class='ocrx_word' id='word_1_234' title='bbox 376 3859 397 3927; x_wconf 79' lang='lat'>²)</span> <span class='ocrx_word' id='word_1_235' title='bbox 415 3860 456 3914; x_wconf 88' lang='lat' dir='ltr'>De</span> <span class='ocrx_word' id='word_1_236' title='bbox 474 3860 516 3914; x_wconf 86' lang='lat' dir='ltr'>his</span> <span class='ocrx_word' id='word_1_237' title='bbox 532 3860 700 3931; x_wconf 82' lang='lat' dir='ltr'>imaginibus,</span> <span class='ocrx_word' id='word_1_238' title='bbox 718 3863 815 3930; x_wconf 89' lang='lat' dir='ltr'>quibus</span> <span class='ocrx_word' id='word_1_239' title='bbox 833 3863 886 3917; x_wconf 87' lang='lat' dir='ltr'>alia</span> <span class='ocrx_word' id='word_1_240' title='bbox 902 3861 1015 3930; x_wconf 85' lang='lat' dir='ltr'>aceedit,</span> <span class='ocrx_word' id='word_1_241' title='bbox 1039 3875 1107 3929; x_wconf 86' lang='lat' dir='ltr'>quae</span> <span class='ocrx_word' id='word_1_242' title='bbox 1125 3861 1157 3915; x_wconf 90' lang='lat' dir='ltr'>de</span> <span class='ocrx_word' id='word_1_243' title='bbox 1174 3859 1240 3914; x_wconf 90' lang='lat' dir='ltr'>urbe</span> <span class='ocrx_word' id='word_1_244' title='bbox 1258 3859 1324 3913; x_wconf 84' lang='lat' dir='ltr'>bene</span> 
     </span>
     <span class='ocr_line' id='line_1_33' title="bbox 289 3945 1020 4018; baseline 0.007 -21"><span class='ocrx_word' id='word_1_245' title='bbox 289 3945 391 4000; x_wconf 87' lang='lat' dir='ltr'>munita</span> <span class='ocrx_word' id='word_1_246' title='bbox 409 3946 568 4017; x_wconf 86' lang='lat' dir='ltr'>deprompta</span> <span class='ocrx_word' id='word_1_247' title='bbox 586 3956 633 4018; x_wconf 88' lang='lat' dir='ltr'>est,</span> <span class='ocrx_word' id='word_1_248' title='bbox 653 3948 686 4005; x_wconf 86' lang='lat' dir='ltr'>of.</span> <span class='ocrx_word' id='word_1_249' title='bbox 706 3950 784 4017; x_wconf 89' lang='lat' dir='ltr'>Diog.</span> <span class='ocrx_word' id='word_1_250' title='bbox 802 3949 891 4005; x_wconf 86' lang='lat' dir='ltr'>haert.</span> <span class='ocrx_word' id='word_1_251' title='bbox 909 3949 961 4004; x_wconf 93' lang='lat' dir='ltr'>VII</span> <span class='ocrx_word' id='word_1_252' title='bbox 979 3951 1020 4003; x_wconf 73' lang='lat' dir='ltr'>to.</span> 
     </span>
    </p>

    <p class='ocr_par' dir='ltr' id='par_1_6' title="bbox 377 4032 934 4106">
     <span class='ocr_line' id='line_1_34' title="bbox 377 4032 934 4106; baseline 0.007 -21"><span class='ocrx_word' id='word_1_253' title='bbox 377 4032 399 4101; x_wconf 83' lang='lat'>⁸)</span> <span class='ocrx_word' id='word_1_254' title='bbox 417 4033 593 4090; x_wconf 85' lang='lat' dir='ltr'>Fleckeisenii</span> <span class='ocrx_word' id='word_1_255' title='bbox 611 4034 719 4091; x_wconf 89' lang='lat' dir='ltr'>annales</span> <span class='ocrx_word' id='word_1_256' title='bbox 738 4039 813 4106; x_wconf 78' lang='lat'>1873,</span> <span class='ocrx_word' id='word_1_257' title='bbox 831 4053 857 4106; x_wconf 88' lang='lat' dir='ltr'>p.</span> <span class='ocrx_word' id='word_1_258' title='bbox 876 4039 934 4090; x_wconf 82' lang='lat'>445.</span> 
     </span>
    </p>

    <p class='ocr_par' dir='ltr' id='par_1_7' title="bbox 374 4117 1324 4192">
     <span class='ocr_line' id='line_1_35' title="bbox 374 4117 1324 4192; baseline 0 -16"><span class='ocrx_word' id='word_1_259' title='bbox 374 4117 396 4188; x_wconf 82' lang='lat'>⁴)</span> <span class='ocrx_word' id='word_1_260' title='bbox 415 4119 459 4176; x_wconf 77' lang='lat' dir='ltr'>Ex</span> <span class='ocrx_word' id='word_1_261' title='bbox 471 4120 638 4177; x_wconf 79' lang='lat' dir='ltr'>Academicis</span> <span class='ocrx_word' id='word_1_262' title='bbox 656 4121 768 4178; x_wconf 79' lang='lat' dir='ltr'>Crantor</span> <span class='ocrx_word' id='word_1_263' title='bbox 784 4122 907 4190; x_wconf 83' lang='lat' dir='ltr'>Divitias,</span> <span class='ocrx_word' id='word_1_264' title='bbox 926 4121 1106 4192; x_wconf 84' lang='lat' dir='ltr'>Voluptatem,</span> <span class='ocrx_word' id='word_1_265' title='bbox 1124 4121 1226 4176; x_wconf 85' lang='lat' dir='ltr'>Bonam</span> <span class='ocrx_word' id='word_1_266' title='bbox 1246 4119 1324 4176; x_wconf 84' lang='lat' dir='ltr'>Vale·</span> 
     </span>
    </p>
   </div>
   <div class='ocr_carea' id='block_1_5' title="bbox 0 0 1566 4870">
    <p class='ocr_par' dir='ltr' id='par_1_8' title="bbox 0 0 1566 4870">
     <span class='ocr_line' id='line_1_36' title="bbox 0 0 1566 4870; baseline 0 1"><span class='ocrx_word' id='word_1_267' title='bbox 0 0 1566 4870; x_wconf 95' lang='lat' dir='ltr'> </span> 
     </span>
    </p>
   </div>
  </div>
 </body>
</html>
