3124 4870
634 347 869 407 -127-

320 515 556 594 τραπεζίτης
570 513 675 594 (31,3)
692 519 796 578 exstat
810 515 893 598 apud
909 513 1163 594 Demosthenem,
1184 513 1273 578 Tele·

233 629 307 703 tem,
331 625 509 708 Polybium,
533 625 746 706 Plutarchum,
769 626 988 708 Lucianum.¹)

321 739 541 818 φιλοτίμως
564 735 678 819 (193).
712 739 906 804 Vocabulum
934 756 974 803 ue
996 739 1037 802 ab
1060 740 1180 819 optima
1201 741 1272 822 qui-

233 847 304 912 dem
327 848 510 914 Graecitate
540 850 692 926 alienum,
724 850 779 914 scd
808 851 891 914 alias
921 868 1090 932 nusquam,
1116 857 1272 931 quantum

233 960 333 1039 video,
357 961 405 1025 ita
419 961 605 1041 adhibitum,
629 967 667 1026 ut
683 963 755 1042 quis
771 964 952 1045 φιλοτίμως
973 963 1005 1026 id
1021 962 1125 1028 facere
1141 963 1272 1043 dicatur,

233 1074 315 1154 quod
339 1074 458 1138 invitus
481 1073 621 1140 facit-
644 1081 680 1139 ut
702 1075 753 1138 hic
775 1079 957 1158 φιλοτίμως
979 1071 1115 1157 κάμνων
1225 1075 1272 1140 Ne

234 1186 316 1266 apurl
346 1185 511 1268 Polybium
540 1187 680 1268 quidem,
710 1205 803 1268 quem
838 1187 1010 1252 Drosihuus
1038 1187 1099 1252 hoe
1125 1187 1273 1252 adverbio

234 1297 279 1360 sic
301 1296 378 1361 dicit
400 1315 491 1362 usum
515 1315 600 1378 esse,
629 1303 665 1362 ut
693 1298 885 1377 signiticaret
911 1299 1163 1378 ,vehementer“,
1186 1300 1274 1364 notio

235 1408 342 1484 studii,
364 1426 426 1489 quo
449 1409 491 1488 id,
513 1428 576 1491 quo
592 1409 682 1489 facia,
706 1412 920 1492 amplecteris,
944 1411 1083 1476 evanuit.
1129 1412 1167 1476 ld
1189 1418 1273 1476 certe

237 1520 310 1584 licet
332 1525 481 1599 statuere,
506 1522 588 1587 hunc
602 1541 694 1587 usum
711 1522 884 1587 hebetioris
906 1523 969 1586 iam
992 1522 1068 1588 facti
1092 1538 1202 1588 seusus
1225 1541 1274 1586 re-

236 1632 447 1714 centiorisque
462 1635 577 1699 aetatis
592 1634 742 1699 indicium
765 1653 845 1714 esse,
867 1653 931 1716 qua
954 1642 1104 1716 tanquam
1127 1636 1219 1718 signa
1241 1636 1273 1698 in

236 1746 373 1808 nummis
404 1747 562 1829 insculpta
592 1748 739 1829 propriae
771 1748 993 1813 vocabulorum
1028 1747 1275 1827 significationes

237 1863 365 1936 coeptae
387 1864 479 1922 erant
501 1838 672 1923 obliterari.

323 1969 567 2047 ψευδοδοξίιι
590 1973 719 2052 (ll,2)a
733 1969 899 2050 Strabone,
916 1972 1084 2038 Plutarcho
1100 1971 1276 2036 adhibitum

238 2089 295 2146 est
351 2081 457 2148 Verba
490 2080 700 2160 ψευδοδοξέω
734 2088 766 2147 et
796 2078 1028 2162 ψευδοδοξάζω
1062 2085 1157 2148 etiam
1192 2082 1274 2162 apud

238 2193 404 2275 Polybium
427 2201 604 2260 occurrunt.
651 2197 700 2261 Ex
721 2196 855 2261 Platone
877 2195 1008 2261 affertur
1030 2217 1050 2262 a
1072 2197 1208 2262 Polluce.

326 2308 619 2381 pronominato
641 2309 727 2388 (ll,l
743 2309 884 2391 saepius)
899 2314 974 2374 aute
988 2311 1119 2375 Luciani
1135 2312 1274 2374 aetatem

156 2415 159 2422 '
238 2435 301 2482 non
325 2418 493 2483 iuvenitur.

326 2515 417 2610 (ὦδε
439 2549 458 2593 a
480 2531 611 2595 Platone
637 2549 761 2613 quoque
787 2532 826 2597 de
854 2533 921 2597 loco
945 2537 994 2596 est
1016 2532 1207 2610 adhibitum,
1237 2531 1276 2597 cf.

239 2641 367 2724 Protag.
398 2643 501 2723 328d;
530 2642 683 2708 accedunt
711 2644 842 2710 Homeri
876 2652 908 2709 et
942 2644 1103 2725 Sophoclis
1134 2645 1277 2726 exempla

240 2752 323 2816 haud
346 2751 476 2836 rara)²)

327 2856 490 2934 (ὡσανεί
503 2863 606 2947 [33,3]
622 2866 664 2931 ab
679 2867 910 2948 antiquioribus
926 2869 1062 2933 alienum
1078 2887 1141 2934 non
1159 2871 1207 2932 est
1223 2865 1276 2948 (cl.

240 2978 382 3059 exempla
404 2978 445 3043 ab
462 2977 645 3043 Heindorlio
661 2978 743 3043 Plat.
759 2985 782 3044 t.
800 2980 832 3044 ll
848 2999 877 3062 p.
899 2985 958 3044 107
975 2981 1149 3062 congesta),
1166 2980 1221 3046 sed
1236 2979 1277 3042 ab

240 3090 305 3154 illis
327 3091 439 3169 rarius,
463 3109 482 3154 a
504 3091 730 3172 posterioribus
754 3091 938 3172 saepissime
959 3098 1010 3156 est
1032 3088 1238 3172 adhibitum.)

329 3201 389 3265 His
412 3220 513 3284 pauca
535 3201 628 3282 addo,
650 3219 731 3283 quae
754 3202 943 3267 Drosihnum
968 3202 1127 3283 fugeruut.

328 3315 530 3379 νοσοποιω
554 3312 657 3396 (193)
672 3315 713 3380 ab
729 3314 960 3395 antiquioribus
975 3315 1113 3379 alienum
1136 3322 1197 3394 est,
1226 3334 1278 3380 oc-

243 3426 343 3490 currit
364 3427 447 3507 apud
471 3427 684 3504 Aristotelem,
708 3426 889 3506 Diodorum,
912 3426 1126 3492 Plutarchum.

330 3541 481 3618 νίκημα
498 3537 601 3619 (24,1)
613 3539 695 3620 apud
707 3538 883 3620 Polybium,
896 3539 1078 3618 Diodorum,
1093 3540 1279 3622 Dionysium

244 3649 565 3730 Halicarnasseusem,
589 3650 790 3714 Plutarchum
814 3650 982 3716 iuvenitur.

329 3754 374 3826 τὸ
396 3765 475 3839 πῶς
501 3761 643 3844 τέμνειν.
667 3768 740 3843 38,1
777 3762 975 3828 VBRDW
994 3763 1146 3845 praebent
1169 3755 1278 3846 ὥσπερ

332 3930 354 3998 ¹)
372 3931 514 4000 Inscriptio
524 3933 604 3986 lsoer.
615 3933 742 3986 orationis
758 3925 1279 4000 Tpauatmaa'crecentiorisaatatisest

331 4015 352 4084 ²)
372 4017 412 4070 Gi.
430 4018 597 4086 exemplam
618 4017 708 4084 Steph.
728 4015 794 4070 thes.
812 4023 938 4084 magenta
960 4023 989 4070 at
1007 4014 1144 4070 Kuehnari
1168 4031 1278 4082 gramm.

242 4118 329 4170 graec.
348 4101 375 4156 11
393 4101 409 4172 θ
427 4105 475 4156 571
495 4103 554 4156 adn.
573 4104 597 4155 3.
