3124 4870
634 321 849 379 ...91-

224 485 487 571 praetereundum
517 488 606 552 cuius
630 505 667 551 ex
689 487 805 570 mythis
828 505 898 551 cum
921 487 1028 567 multi,
1056 491 1125 553 tum
1152 489 1179 551 is
1200 488 1261 552 huc

225 601 373 680 pertinet,
398 599 450 679 qui
474 603 622 664 narratur
645 599 682 664 de
705 617 768 680 rep.
794 600 823 663 Χ
846 619 875 681 p.
900 604 964 664 614
985 617 1030 679 sq.
1040 597 1078 680 ¹).

312 711 372 776 Sed
388 711 587 776 haecomnia
609 712 691 776 levia
706 719 791 792 sunt,
814 713 840 776 si
857 730 924 775 cum
941 713 1164 792 allegoriarum
1179 713 1260 776 mul-

227 824 364 888 titudine
391 842 410 886 a
442 824 554 888 Stoicis
576 825 772 906 philosophis
803 826 1001 890 inventarum
1036 844 1073 889 ea
1100 841 1260 906 compara-

226 938 317 1000 reria
357 936 417 1013 Qui
440 954 486 1015 eo,
509 936 594 1018 quod
616 955 710 1018 supra
733 939 907 1018 tetigimus,
931 937 1036 1003 studio
1060 939 1145 1002 ducti
1168 954 1260 1017 quam

226 1049 356 1114 minime
372 1057 502 1128 possent
518 1056 629 1114 contra
645 1049 835 1115 Graecorum
848 1034 890 1114 'de
913 1050 1067 1130 religione
1090 1049 1261 1113 sententias

227 1161 389 1242 pugnandi
411 1159 533 1226 fabulas
557 1180 679 1244 quoque
702 1162 740 1225 de
762 1163 810 1226 dis
834 1163 1009 1244 antiquitus
1032 1162 1164 1227 traditas
1188 1179 1261 1225 con-

226 1279 405 1352 servarunt,
435 1275 480 1339 ita
505 1280 626 1355 tamen,
650 1281 685 1338 ut
707 1276 875 1356 allegorice
897 1294 951 1340 eas
978 1277 1262 1357 interpretarentur

228 1393 259 1449 et
281 1387 430 1466 dogmata
452 1406 508 1451 sua
530 1388 570 1452 ad
594 1406 698 1452 rerum
721 1396 866 1452 naturam
890 1406 1055 1469 moresque
1069 1388 1262 1470 pertinentia

227 1498 265 1561 iis
288 1499 407 1564 vellent
429 1500 602 1581 significari
629 1509 724 1583 atque
751 1500 949 1584 illustraril).
996 1502 1092 1567 Velut
1114 1500 1262 1565 Herculis

227 1741 337 1788 vanam
362 1743 460 1804 spem,
483 1723 670 1806 Cyclopihus
693 1726 902 1807 iracundiam,
927 1726 1018 1792 Circe
1037 1721 1261 1806 voluptates⁸).

317 1913 335 1979 ¹)
355 1913 397 1965 Ex
414 1914 466 1967 hoc
478 1914 568 1982 mytho
588 1915 675 1968 nescio
694 1932 728 1969 nn
742 1913 868 1969 nonnulla
880 1914 987 1969 Pinaria
1004 1913 1108 1968 auctori
1122 1913 1264 1966 obversata

227 1998 288 2052 sint.
325 1999 363 2053 Ch
388 2015 448 2054 eum
471 2000 572 2066 locum,
589 1999 636 2067 qui
654 2007 694 2054 est
711 2001 780 2055 Plat.
802 2017 859 2068 rep.
879 2003 920 2068 10,
937 2016 964 2067 p.
982 2003 1066 2054 6212:
1088 1994 1191 2065 μέτρον
1210 1993 1264 2064 μέν

228 2074 280 2136 οὖν
299 2104 325 2136 τι
343 2087 394 2138 τοῦ
412 2076 519 2146 άδάτος
536 2087 622 2140 πᾶσιν
640 2079 798 2154 άναμιιαῖον
811 2085 885 2140 εἶναι
897 2092 982 2152 πιεῖν,
999 2080 1067 2146 τοὺς
1079 2081 1111 2138 δὲ
1125 2077 1265 2154 φρονήσει

227 2165 264 2238 μὴ
289 2168 468 2240 σωζομένους
491 2170 578 2225 πλέον
596 2174 690 2227 πίνειν
713 2175 764 2226 τοῦ
789 2170 907 2242 μέτρου,
933 2189 993 2227 cum
1017 2172 1078 2225 Oeb.
1102 2170 1167 2224 Tab.
1187 2173 1263 2239 5qu

227 2249 349 2324 πότερον
368 2247 421 2310 οὖν
439 2253 543 2320 πάντες
561 2260 674 2313 πίνουσι
691 2254 741 2312 τὸν
759 2253 869 2312 πλάνον
886 2251 904 2327 ἢ
924 2251 961 2311 ori
969 2279 975 2326 ;
995 2251 1106 2318 Πάντες
1123 2256 1265 2322 πίνουσιν,

229 2335 371 2413 ἔφη·άλλ’
398 2343 429 2398 oi
443 2343 496 2414 μέν
519 2349 630 2414 πλεῖον,
650 2345 680 2400 οἱ
696 2343 727 2400 δέ
747 2338 841 2416 ἦττον.
877 2346 917 2400 De
939 2345 1035 2400 ceteris
1054 2341 1172 2396 Platonis
1189 2341 1264 2413 locis,

228 2431 273 2496 qui
291 2431 344 2485 huc
356 2431 498 2500 pertinent,
516 2431 638 2500 plurimis
651 2432 736 2487 aliero
748 2447 822 2486 conv.
837 2433 940 2500 203eq.‚
958 2431 1003 2484 ubi
1022 2423 1119 2499 Πόρος
1131 2435 1158 2483 et
1171 2430 1264 2482 Πενία

228 2517 395 2573 inducuntur.

317 2621 337 2684 ²)
357 2621 422 2675 Cum
440 2620 535 2676 Stoicis
553 2622 675 2676 convenit
692 2621 760 2675 illud
778 2621 873 2675 Dionia
890 2620 1023 2689 eliruli
1038 2622 1087 2673 193
1106 2618 1198 2671 Diod:
1216 2616 1265 2671 καί

228 2706 284 2758 τῶν
308 2701 476 2775 φιλοσόφων
501 2699 557 2775 ἤδη
582 2705 657 2770 τινές
680 2709 808 2761 τοιοῦτοι
833 2699 996 2775 γεγόνασιν,
1020 2697 1088 2758 ὥστε
1107 2697 1211 2759 ὁποῖον
1229 2696 1266 2757 ἂν

229 2793 325 2860 μῦδον
343 2785 461 2862 ἢλόγον
473 2787 594 2864 λάβωσιν
607 2785 739 2858 ἕλκοντες
756 2793 806 2847 καὶ
823 2787 993 2856 πλάττοντες
1011 2788 1082 2847 κατὰ
1101 2788 1152 2861 τὴν
1170 2785 1267 2846 αὐτῶν

228 2875 362 2934 διάνοιαν
380 2873 524 2951 ω’φέλιμον
541 2881 590 2935 καί
608 2884 765 2956 φιλοσοφίᾳ
783 2879 928 2950 πρέποντα
948 2872 1110 2946 άπέδειξαν.

319 2985 341 3052 ⁸)
361 2986 402 3040 Cf.
421 2987 544 3054 exempla
561 3002 579 3038 a
597 2987 703 3041 Zellero
727 2986 788 3040 hist.
814 2984 880 3053 phil.
899 2985 945 3040 Gr.
964 2986 1005 3038 lII
1025 2990 1048 3053 l,
1066 2987 1116 3038 312
1134 2991 1265 3051 congesta.

231 3071 316 3124 lluiun
341 3072 535 3140 interpretandi
557 3072 670 3126 rationis
693 3071 767 3140 quani
797 3071 872 3124 initia
896 3070 1058 3138 deprehendi
1081 3069 1153 3139 apud
1179 3071 1266 3124 Xeno·

230 3157 354 3223 phontem
373 3174 466 3211 comm.
484 3160 510 3224 2,
527 3161 552 3225 6,
572 3161 618 3210 11:
637 3149 656 3210 οἳ
674 3153 727 3226 μέν
745 3154 778 3209 αἴ
793 3156 931 3224 Σειρῆνες
954 3149 1061 3227 έπῇδον
1078 3157 1117 3228 τῷ
1133 3147 1266 3222 Ὀδυσσεῖ,

230 3235 355 3309 ἤκουσας
369 3235 545 3312 Ὁμήρου...
562 3238 670 3310 ταύτην
689 3234 751 3310 οὖν,
772 3239 838 3312 ἔφη,
856 3236 908 3311 τὴν
928 3237 1049 3315 ἐπῳδήν,
1069 3231 1090 3294 oi
1109 3237 1268 3312 Σώκρατες,

230 3327 278 3380 καὶ
302 3335 361 3390 τοῖς
386 3321 481 3392 ἄλλοις
504 3321 670 3396 άνδράποις
694 3327 727 3382 nl
742 3330 881 3397 Σειρῆνες
900 3323 1059 3404 ἐπᾴδουσαι
1077 3335 1228 3399 κατεῖχον.
1241 3368 1266 3384 ..

230 3405 297 3468 άστε
323 3410 359 3483 μὴ
386 3407 503 3467 άπιέναι
528 3406 575 3467 ἄπ’
595 3407 690 3469 ον’τιόν
716 3409 784 3477 τους
810 3409 1001 3488 έπᾳσθέντας;
1028 3406 1090 3470 oda
1115 3407 1184 3470 άλλά
1208 3421 1267 3476 τοῖς

231 3491 273 3553 ἐπ’
302 3493 387 3571 άρετῇ
416 3503 668 3570 φιλοτιμουμένοις
695 3495 785 3564 οὕτως
804 3495 921 3572 ἐπῇδον.
957 3503 997 3562 Cf,
1015 3502 1112 3557 ibidem
1131 3506 1160 3562 2.
1179 3507 1203 3568 a,
1221 3505 1267 3568 31;

232 3591 313 3654 1,37.
350 3587 478 3642 Similiter
496 3587 575 3642 Plato
593 3589 710 3659 Euthyd.
729 3590 814 3642 2970:
837 3583 910 3642 πολά
931 3583 985 3657 γάρ
1007 3582 1064 3641 nori
1085 3584 1141 3655 είμι
1159 3581 1267 3654 φαυλό-

230 3691 311 3741 τερος
329 3675 379 3728 roo
397 3666 577 3742 Ἡρακλέους,
595 3668 629 3737 ὃς
646 3667 699 3744 oriz
712 3669 773 3738 οίός
790 3691 819 3727 τε
839 3666 875 3742 ἦν
888 3676 920 3746 τῇ
939 3693 969 3728 τε
989 3667 1062 3746 ὕδρᾳ
1076 3668 1268 3742 διαμάχεσθαι

230 3761 378 3832 σοφιστρίᾳ
407 3751 478 3827 οὔσῃ
502 3758 551 3812 καὶ
575 3755 624 3814 διά
648 3756 701 3830 τὴν
726 3760 832 3828 σοφίαν
859 3753 983 3830 άνιείσῃ,
1010 3755 1037 3812 εί
1053 3761 1121 3828 μίαν
1139 3751 1269 3826 κεφαλὴν

229 3845 280 3897 τοῦ
298 3837 385 3912 λόγου
405 3863 446 3906 τις
464 3835 615 3916 άποτέμοι,
633 3841 738 3908 πολλάς
755 3838 887 3915 ἀιδνῇς
904 3846 983 3916 μιᾶς,
1006 3843 1054 3898 ταί
1073 3845 1197 3916 ιιαριιίνᾳ
1215 3840 1270 3896 ccvi

231 3924 315 4002 ἑτέρῳ
334 3931 463 4002 σοφιστῇ.
493 3931 542 3986 Sed
562 3933 633 4002 apud
646 3933 784 3987 Platonem
803 3939 829 3983 et
841 3932 1044 4000 Xenophontem
1057 3929 1129 3984 haud
1141 3929 1179 3984 ita
1190 3943 1270 3999 saepe

231 4017 295 4072 talin
314 4027 465 4086 occurrunt,
485 4035 544 4072 cum
557 4019 638 4074 Stoici
656 4019 683 4074 iu
703 4017 830 4074 eiusmodi
853 4018 1118 4090 interpretationibus
1140 4032 1269 4074 summum

230 4103 345 4160 studium
363 4105 583 4172 consumpserint.
