3132 4874
638 325 854 392 ..gy-

225 497 339 566 fectum
362 517 441 566 osse.
488 497 617 564 Etenim
639 518 677 565 ea
699 504 804 566 aetate
828 498 860 564 id
882 499 987 580 potius
1010 497 1114 580 egisse
1130 498 1262 580 Stoicos,

225 617 262 676 01
276 611 492 692 praeciperent
507 610 546 675 de
562 612 628 676 vita
641 619 726 677 recte
741 611 944 691 instituenda,
965 630 1060 693 quam
1075 617 1112 678 ut
1126 613 1262 697 physicis

225 730 258 788 et
280 725 387 804 logicis
410 723 647 805 quaestionibus
670 724 782 789 darent
797 743 934 807 operam.
970 724 1030 788 His
1045 724 1263 806 philosophiae

224 836 367 918 partibus
383 855 452 901 cum
469 833 662 917 Chrysippus
677 837 794 918 quique
808 843 880 917 post
896 855 967 902 eum
983 836 1111 903 luerunt
1126 837 1262 902 maxime

223 948 411 1028 studuerint,
433 946 502 1014 fieri
526 964 589 1011 non
611 966 713 1028 posse,
737 950 813 1029 quin
837 954 910 1013 ante
931 947 1097 1032 Chrysippi
1120 955 1261 1032 tempora

223 1058 376 1125 Tabulam
408 1059 615 1142 compositam
649 1078 716 1125 esse
747 1061 963 1128 existimemus
972 1063 1006 1142 ¹).
1058 1062 1128 1140 Qua
1161 1064 1194 1127 in
1226 1081 1260 1127 re

222 1171 424 1237 vehementer
446 1190 464 1236 a
487 1170 642 1238 Schabero
665 1173 829 1238 dissentio.
867 1173 957 1251 Quod
980 1175 1065 1239 enim
1086 1174 1163 1240 dicit
1185 1179 1260 1240 ante

222 1281 433 1366 Chrysippum
470 1286 502 1348 in
532 1285 601 1350 sola
630 1285 742 1349 morali
769 1284 986 1366 philosophiae
1014 1293 1104 1369 parte
1136 1287 1258 1354 Stoicos

221 1401 362 1461 versatos
384 1414 454 1461 esse
475 1396 723 1478 litterarumque,
747 1416 828 1480 quae
842 1396 881 1461 ad
896 1402 983 1461 recte
996 1398 1164 1463 vivendum
1179 1399 1259 1465 nihil

221 1507 418 1589 prodessent,
449 1510 712 1589 contemptionem
743 1527 820 1591 prae
849 1527 882 1574 se
904 1509 1029 1590 tulisse,
1059 1511 1138 1575 nihil
1160 1513 1257 1576 statui

219 1625 344 1700 poterat
374 1623 563 1702 perversius.
609 1621 694 1685 Zeno
726 1621 780 1686 ille
812 1619 937 1702 quidem
961 1656 1002 1668 —
1025 1627 1062 1688 ut
1088 1624 1258 1690 memoriae

219 1732 356 1812 prodidit
378 1734 537 1815 Diogenes
552 1732 699 1798 Laertius
721 1733 836 1798 v1132
860 1770 902 1780 -
926 1753 945 1799 a
967 1734 1126 1801 nonnullis
1149 1754 1255 1817 repre-

218 1843 334 1908 hensus
363 1852 426 1925 est,
456 1847 540 1927 quod
572 1845 605 1908 in
636 1845 717 1909 libro
746 1863 816 1924 suo,
845 1846 899 1927 qui
929 1852 998 1911 erat
1025 1846 1064 1911 (10
1085 1848 1255 1928 republica,

218 1957 361 2021 inutilem
383 1957 515 2023 dixisset
537 1956 755 2022 eruditionem.
790 1957 851 2023 Sed
874 1976 935 2039 quo
951 1963 1092 2038 tempore
1106 1958 1159 2023 ille
1174 1958 1255 2024 liber

218 2071 409 2150 compositus
439 2076 503 2149 est,
539 2067 675 2134 Cratetis
705 2070 759 2134 ille
788 2070 951 2135 etiamtum
983 2076 1053 2135 erat
1084 2069 1254 2150 discipulus

216 2199 318 2262 neque
353 2181 531 2246 Xenocrate
563 2183 612 2248 vel
647 2182 816 2247 Polemone
853 2199 927 2246 usus
958 2187 1027 2244 erat
1059 2178 1253 2262 magistrob.

218 2291 296 2358 Cum
319 2312 393 2358 vero
410 2292 545 2374 Cynicus
568 2311 637 2360 esse
653 2295 797 2360 desiisset
812 2311 973 2377 novaeque
995 2292 1121 2359 scholae
1143 2301 1254 2359 auctor

217 2406 409 2485 exstitisset,
447 2405 540 2486 longe
569 2407 661 2471 aliam
684 2407 752 2471 eius
776 2405 871 2471 luisse
894 2408 1082 2472 sententiam
1115 2407 1252 2471 declarat

215 2518 384 2583 multitudo
412 2518 600 2599 placitorum
624 2519 753 2582 eiusad
775 2518 924 2603 physicen
955 2525 987 2583 et
1009 2519 1132 2600 logicen
1154 2519 1251 2600 perti-

214 2632 356 2696 nentium
364 2627 400 2709 ³).
435 2629 531 2694 Cuius
553 2631 738 2696 mutationis
760 2649 855 2695 causa
870 2631 953 2698 baud
974 2632 1039 2697 scio
1055 2649 1095 2696 an
1110 2650 1131 2695 a
1145 2631 1250 2694 Xeno

214 2743 308 2806 cratis
331 2743 379 2806 vel
396 2741 574 2807 Polemonis
597 2741 796 2808 institutione
810 2742 982 2825 repetenda
997 2743 1050 2808 sit.
1085 2742 1251 2806 11011000-

212 2859 297 2919 crate
328 2853 455 2935 quidem
483 2854 562 2918 haec
584 2855 717 2934 legimus
744 2856 829 2937 apud
851 2855 1020 2921 Stobaenm
1051 2855 1109 2936 (1v
1132 2873 1162 2935 p.
1187 2859 1249 2919 205

300 3077 321 3146 ¹)
339 3076 457 3132 Scbaber
474 3076 492 3132 l.
510 3077 527 3130 1.
545 3093 575 3145 p.
592 3079 634 3131 44.

298 3164 320 3231 ’y
339 3163 379 3218 Cf.
398 3163 476 3230 Diog.
494 3163 584 3217 laert.
603 3163 698 3218 7114.
734 3164 887 3220 7701100οη
910 3164 939 3218 10
957 3163 1124 3218 Fleckeiseni
1147 3163 1248 3218 annali·

213 3249 264 3304 bus
285 3252 351 3304 1873
368 3266 394 3318 p.
413 3253 472 3305 437.
510 3249 591 3318 (Num
608 3250 786 3306 Xenocratem
808 3251 933 3320 audierit,
958 3266 1012 3305 non
1036 3253 1103 3306 satis
1119 3256 1247 3320 consmt.;

211 3336 603 3407 01.Ζο11011111,270.4.)

295 3421 307 3458 ⁸
312 3433 322 3492 y
340 3423 378 3476 cf.
396 3422 550 3478 Wellmann
569 3423 587 3476 1.
606 3422 624 3477 l.
643 3425 706 3478 406:
744 3423 805 3478 7710
822 3424 869 3479 (101·
892 3425 1049 3492 Regrdnder
1073 3426 1120 3480 des
1138 3425 1246 3480 Stoicis·

208 3525 267 3564 mus
286 3509 329 3564 die
346 3509 533 3577 Einseitigkeit
551 3509 606 3563 und
625 3509 895 3578 Abgesehlossenheit
919 3512 967 3566 der
991 3512 1138 3582 lrynischen
1158 3512 1246 3567 llloral

208 3595 316 3664 ansgab,
336 3611 366 3650 so
379 3595 493 3662 (111ος10
505 3595 551 3648 ibn
569 3595 643 3649 nicht
655 3595 757 3651 minden
775 3597 817 3651 ein
830 3596 963 3652 lebhsltes
976 3597 1245 3653 wissenschaitliches

208 3681 371 3748 Beduriniss,
389 3682 475 3736 neben
493 3681 553 3736 dem
570 3681 744 3750 pralrtischen
758 3682 833 3737 Teile
851 3681 898 3738 (101
911 3683 1083 3752 Philosophia
1102 3683 1153 3738 den
1171 3683 1245 3738 11100-

207 3767 340 3822 retischen
367 3768 441 3822 nicht
468 3767 639 3836 unangebaut
666 3785 699 3822 zu
725 3769 822 3824 lassen.
851 3801 880 3809 -
901 3769 941 3824 De
967 3769 1084 3824 Zenonis
1109 3783 1193 3838 opera
1215 3769 1243 3824 in

207 3853 324 3924 physicis
337 3853 539 3922 quaestionibus
552 3863 709 3923 consumpta
721 3854 754 3909 01.
767 3853 865 3908 ibidem
883 3871 909 3922 p.
921 3855 1071 3920 cuc-4903
1092 3854 1244 3925 Weygoldt,

205 3941 278 3994 Zeno
301 3956 326 3993 v.
346 3939 453 3994 cittium
480 3957 497 3994 0
531 3941 604 3996 00100
620 3939 721 4010 Lebre,
744 3940 813 3996 Jena
838 3943 905 3996 1872
930 3957 957 4009 p.
977 3942 1086 3996 15--36,
1122 3940 1149 3994 Si
1172 3949 1243 3996 recta

205 4025 392 4096 Weygoldtius
408 4029 502 4082 statuit
519 4027 546 4082 in
559 4027 637 4094 Dioq.
650 4026 703 4080 711
714 4029 818 4080 41-48
828 4042 882 4082 000
899 4029 954 4081 1010
967 4027 1053 4082 inesse
1065 4027 1115 4082 nisi
1128 4027 1242 4086 Zenonis

204 4109 339 4182 domata,
356 4111 500 4180 plurimum
518 4115 592 4168 Zeno
609 4111 664 4168 illis
681 4112 829 4182 disciplinis
847 4112 948 4168 tribuit.
