3132 4874
636 325 849 383 ..57-

226 485 326 570 (apud
342 489 546 555 Mullachium
563 491 606 572 11,
629 511 659 574 p.
677 492 746 574 ab:
770 487 878 574 μόνον
900 490 941 557 δέ
956 509 1040 576 φασι
1061 486 1123 557 τὸν
1151 485 1261 576 σοφὸν

225 597 279 664 καί
303 596 425 683 μάντιν
452 593 587 685 ἀγαθὸν
614 599 699 669 εἶναι
728 601 783 668 καί
809 595 953 688 ποιητὴν
978 601 1035 668 καὶ
1057 599 1182 688 ῥήτορα
1205 601 1261 668 καί

227 707 434 779 διαλεκτικὸν
455 711 511 778 καὶ
534 711 693 798 κριτικόν.

312 825 445 892 Criticos
461 835 707 894 consentaneum
731 833 779 894 est
794 828 853 894 hoc
867 827 1008 894 Tabulae
1030 828 1099 892 loco
1121 844 1184 891 non
1207 843 1261 892 eos

226 937 380 1018 intellegi,
410 939 464 1020 qui
495 941 588 1020 vulgo
618 940 677 1005 boc
704 941 831 1005 nomine
861 938 1082 1020 designantur,
1113 939 1169 1004 sed
1191 957 1261 1004 curn

226 1051 505 1130 grammaticorum
522 1052 555 1116 in
573 1050 631 1117 hac
646 1058 768 1134 septem
784 1052 912 1117 illarum
931 1051 1168 1133 disciplinarum
1187 1069 1263 1116 enu-

226 1164 400 1228 meratione
412 1164 514 1229 locum
525 1169 665 1246 teneant,
677 1165 789 1231 iisdem
801 1169 896 1246 atque
912 1165 1136 1246 grammaticos
1152 1163 1265 1232 studiis

225 1294 392 1356 praeesse,
415 1277 480 1356 qui,
504 1275 653 1341 Senecam
682 1277 709 1342 si
734 1277 894 1358 sequimur
902 1275 940 1357 ¹),
964 1277 1049 1342 circa
1073 1295 1178 1342 curanr
1201 1295 1266 1341 ser·

226 1388 326 1453 monis
347 1392 512 1452 versantur
531 1394 563 1452 et
584 1387 612 1452 si
627 1387 724 1453 latius
739 1389 848 1469 vagari
862 1388 983 1468 volunt,
1006 1390 1088 1455 circa
1105 1388 1265 1469 historias,

226 1499 288 1564 iam
320 1503 356 1564 ut
385 1499 568 1578 longissime
597 1499 675 1564 fines
703 1519 777 1566 suos
798 1498 976 1584 proferant,
1007 1502 1089 1567 cirea
1116 1501 1265 1566 carmina.

229 1610 347 1690 Quodsi
371 1611 527 1693 explorari
543 1616 659 1692 posset,
682 1629 818 1694 quanam
833 1617 939 1678 aetate
953 1615 1134 1680 criticorum
1149 1632 1264 1679 nomen

228 1723 268 1787 ad
291 1741 355 1804 eos,
379 1725 433 1805 qui
448 1724 542 1804 vulgo
557 1724 755 1804 grammatici
779 1723 935 1807 dicuntur,
958 1727 1150 1792 translatum
1173 1731 1266 1806 esset,

228 1836 311 1900 haud
334 1837 488 1902 mediocre
511 1837 765 1903 nancisceremur
780 1838 1017 1920 disceptationis
1033 1843 1162 1904 nostrae
1177 1838 1268 1904 adiu·

229 1954 379 2013 mentum.
426 1948 486 2013 Sed
518 1965 643 2030 vereor,
674 1967 715 2013 ne
746 1951 785 2016 de
817 1951 875 2015 hac
897 1969 932 2015 re
954 1950 1184 2031 desperandum
1215 1949 1267 2015 sit.

227 2058 317 2136 Quod
329 2060 413 2124 enirn
427 2058 579 2140 veteres²)
594 2062 743 2127 volebant
757 2067 927 2144 antequam
939 2061 1139 2144 grammatici
1154 2078 1268 2126 nomen

227 2171 260 2234 in
284 2189 375 2237 usum
396 2173 534 2252 veniret,
561 2173 621 2238 hoc
641 2191 741 2254 genus
764 2174 928 2240 doctorum
950 2175 1077 2240 criticos
1100 2173 1268 2251 audivisse,

229 2283 260 2348 id
276 2285 428 2366 exemplis
442 2285 569 2366 probari
585 2302 647 2350 non
663 2290 778 2366 potest.
811 2287 939 2354 Valesio
951 2287 1045 2365 enim,
1069 2285 1124 2366 qui
1140 2289 1172 2350 et
1186 2283 1270 2347 hunc

230 2395 370 2460 Tabulae
400 2397 502 2461 locum
525 2405 557 2462 et
579 2396 800 2465 Pa-Platouis
824 2398 954 2466 Arioch.
979 2404 1041 2464 366
1055 2395 1105 2478 τί)
1133 2397 1201 2462 eius
1223 2396 1271 2462 rei

229 2507 416 2574 documento
439 2527 507 2574 esse
529 2509 744 2591 existimabat,
767 2528 807 2575 ne
822 2513 1033 2577 assentiamur
1047 2510 1163 2589 obstet,
1187 2507 1271 2589 quod

228 2639 329 2701 neque
355 2620 393 2685 de
417 2619 544 2688 Cebetis
566 2619 708 2687 Tabulae
736 2640 839 2704 neque
868 2624 907 2687 de
937 2622 1055 2702 dialogi
1083 2622 1185 2700 illius,
1216 2622 1272 2703 qui

229 2732 388 2798 Ariocbus
400 2733 594 2817 inscribitur,
609 2735 731 2816 origine
746 2739 883 2815 constat;
903 2733 1061 2800 Axiocbas
1077 2739 1183 2798 autern
1195 2732 1272 2813 quin

228 2845 415 2910 recentioris
448 2848 564 2913 aetatis
599 2848 656 2928 sit,
691 2847 743 2912 vix
774 2848 941 2928 quisquam
971 2851 1021 2913 est
1055 2846 1109 2929 qui
1138 2844 1273 2909 dubitet.

228 3049 342 3115 primum
361 3049 480 3119 quaerit,
499 3066 562 3105 num
581 3050 751 3120 geometricis
778 3057 805 3104 et
829 3049 988 3118 astrologiae
1006 3048 1152 3116 studuerit,
1169 3045 1274 3113 deiude,

228 3149 291 3187 num
314 3141 456 3203 poetarum
480 3151 564 3205 opera
587 3136 690 3206 legerit.
732 3137 800 3191 lixo.
824 3151 840 3190 e
864 3137 921 3192 cod.
946 3149 993 3190 ms.
1022 3135 1095 3190 Flor.
1124 3134 1168 3190 Jo.
1197 3133 1274 3188 Dana

229 3219 257 3271 in
275 3219 317 3278 ed.
336 3220 410 3275 Stob.
428 3220 545 3276 Meinels
564 3221 603 3277 IV
620 3239 647 3291 p.
667 3223 725 3276 191.

317 3313 336 3380 ¹)
354 3315 432 3384 epist
450 3319 520 3386 aab.

319 3397 391 3468 ²)cf.
410 3403 504 3458 Wolfii
522 3403 626 3472 proleg.
645 3418 672 3472 p.
691 3401 811 3458 CLXXI.

316 3487 338 3555 ’ί
357 3479 467 3542 ὁπόταν
479 3488 512 3544 δὲ
527 3488 568 3554 τίς
579 3483 632 3559 τὴν
643 3483 795 3545 ἑπταετίαν
803 3481 942 3559 ἀφίκηται
950 3481 1278 3550 ποίίούςπόνουςδιαν-

228 3575 331 3643 elisos
344 3569 524 3644 (ἐπέστησαν)
539 3577 721 3645 παιδαγωγοί
733 3574 784 3630 ναί
801 3575 1007 3646 γραμματισταί
1024 3573 1075 3628 ναί
1092 3571 1279 3640 παιδοτρίβαι

228 3653 633 3733 τνραννοῦντερ·αιίξομένον
652 3659 684 3715 δὲ
698 3663 833 3732 ιιριτιιιοί,
858 3659 1028 3732 γεωμέτραι,
1046 3659 1186 3726 ταντιιιοί,
1205 3649 1278 3710 uolui

229 3747 341 3816 πλῆθος
358 3749 519 3816 δεσποτῶν,
545 3747 592 3802 ubi
611 3748 758 3803 Fischcrns
783 3754 857 3802 recte
879 3747 1069 3804 animadvertit
1094 3744 1203 3802 criticos
1220 3757 1280 3798 esse

229 3835 428 3906 grammaticos,
446 3836 475 3894 h.
488 3852 510 3892 e.
531 3836 708 3904 „interpretes
718 3841 871 3903 poetarum,
890 3836 935 3905 qui
954 3836 1034 3890 etlam
1048 3831 1123 3889 locos
1136 3837 1280 3898 poetarum

229 3921 350 3988 egregios
368 3921 504 3977 iusserunt
520 3936 620 3989 pueros
638 3920 784 3975 ediscere“.
813 3918 909 3987 Neque
926 3919 996 3973 enim
1015 3917 1050 3972 ds
1068 3918 1102 3972 iis
1115 3915 1217 3972 criticis
1235 3913 1281 3972 hie

230 4008 272 4076 agi
291 4017 390 4078 potest,
409 4011 458 4078 qui
475 4010 506 4064 de
524 4009 647 4077 genuinis
664 4015 712 4063 sut
730 4007 829 4076 spuriis
842 4013 983 4074 poetarum
997 4005 1064 4060 locis
1077 4005 1280 4074 disceptabunt,

231 4109 291 4148 nant
310 4095 378 4152 haec
394 4095 423 4150 in
441 4095 588 4151 indiacum
607 4095 699 4164 pueris
718 4109 769 4148 nou
788 4092 986 4149 tractabantur.
