3132 4874
734 305 928 365 ...4-

313 475 352 540 de
375 473 496 538 Tabula
518 474 720 553 testimoniis,
745 475 858 541 deinde
880 475 919 540 de
942 475 1200 557 philosophorum
1215 475 1351 556 placitis,

313 605 395 668 quae
418 587 477 652 hoc
498 587 604 653 libello
624 587 836 668 continentur,
859 593 928 653 tum
951 589 990 652 de
1006 588 1167 668 allegoria,
1191 594 1351 669 postremo

313 700 352 765 de
375 700 501 766 dicendi
523 718 646 780 genere.

496 934 532 1014 Ι.
559 935 623 1016 lle
651 937 857 1017 veterum
884 933 1173 1016 testimoniis.

402 1086 469 1149 Duo
493 1084 583 1148 nobis
607 1104 644 1149 ex
667 1089 808 1150 veterum
832 1085 957 1165 scriptis
980 1084 1049 1149 noti
1077 1087 1150 1148 sunt
1174 1082 1352 1163 philosophi

314 1197 458 1276 Cebetas,
482 1214 614 1280 quorum
631 1216 711 1261 unus
728 1195 866 1261 Socratis
883 1202 953 1261 erat
967 1195 1148 1276 discipulus,
1173 1193 1351 1272 Thebanus,

313 1309 395 1375 alter
424 1308 558 1391 Cynicus
588 1307 797 1390 Cyzicenus¹).
844 1308 890 1372 De
920 1308 975 1371 illo
1004 1324 1196 1389 quamquam
1224 1307 1353 1370 minime

314 1423 443 1486 tacitam
459 1439 493 1485 se
508 1422 639 1500 praebet
655 1426 796 1484 veterum
812 1419 963 1485 memoria
978 1438 1079 1501 neque
1094 1437 1239 1484 caremus
1255 1420 1352 1499 scrip-

315 1541 419 1598 torum
443 1533 530 1613 locis,
553 1533 667 1614 quibus
683 1532 751 1596 eius
773 1530 829 1595 fiat
845 1532 972 1611 mantin,
996 1537 1102 1596 tamen
1119 1533 1200 1597 mira
1215 1531 1350 1614 quadam
1407 1604 1410 1608 ,

314 1646 459 1710 fortunae
493 1644 611 1708 invidia
640 1644 768 1722 accidit,
800 1650 836 1707 ut
866 1645 989 1708 nullum
1017 1645 1056 1709 ad
1084 1663 1141 1709 nos
1175 1644 1353 1724 perueniret

313 1757 539 1837 testimonium,
555 1776 593 1822 cx
604 1774 666 1837 quo
679 1757 876 1823 dubitatione
888 1759 973 1822 omni
985 1764 1105 1821 remota
1117 1758 1221 1836 colligi
1234 1761 1351 1837 posset,

313 1861 375 1952 quo
398 1889 480 1935 anno
504 1875 597 1936 natus
620 1889 719 1950 quove
742 1875 884 1935 mortuus
900 1874 993 1935 esset.
1032 1871 1120 1948 Quae
1142 1869 1181 1932 de
1195 1870 1261 1932 vita
1284 1869 1352 1933 eius

314 1984 531 2064 comperimus,
554 1984 632 2048 haec
654 1981 721 2046 lere
744 1987 828 2047 sunt.

401 2093 501 2159 Cebes
525 2112 593 2158 cum
616 2093 747 2158 Simmia
762 2093 879 2157 Thebis
903 2093 1023 2157 audivit
1039 2090 1258 2173 Philolaum2);
1281 2097 1353 2171 post

314 2207 449 2272 Athenis
472 2206 610 2272 Socratis
639 2211 709 2271 erat
740 2206 928 2287 discipulus,
961 2206 1049 2270 cuius
1078 2205 1244 2286 disciplina
1275 2211 1352 2286 quot

315 2337 414 2383 annos
444 2337 521 2384 usus
553 2319 595 2385 sit
625 2304 783 2399 explorari
812 2318 930 2399 nequit.
976 2317 1108 2398 Thebis,
1132 2336 1194 2382 non
1217 2317 1351 2382 Athenis

315 2430 438 2496 videtur
466 2431 657 2496 domicilium
688 2430 837 2494 habuisse
869 2434 901 2493 et
932 2428 1032 2507 illinc,
1062 2430 1185 2510 quoties
1213 2429 1352 2494 Socratis

314 2544 463 2610 audiendi
495 2544 625 2624 cupidus
660 2547 742 2622 erat,
781 2527 923 2606 Athenas
957 2542 1121 2619 migrasse.
1177 2541 1352 2622 Xenophon

315 2658 440 2739 quidem
463 2675 573 2722 comm.
591 2657 640 2720 ΙΙΙ
658 2659 707 2735 11,
727 2660 764 2718 17
789 2655 950 2721 Socratem
966 2653 1057 2731 fingit
1080 2654 1158 2718 haec
1180 2654 1351 2719 dicentem:

315 2763 371 2833 διὰ
393 2771 429 2833 τί
449 2766 486 2833 δὲ
505 2768 595 2851 (οἴει)
617 2766 673 2833 καὶ
688 2767 822 2851 Κέβητα
844 2765 900 2832 καὶ
916 2770 1041 2850 Σιμίαν
1066 2762 1225 2850 Θήβηθεν
1247 2788 1351 2849 παρα-

314 2883 524 2964 γίγνεσθαι.
580 2880 709 2946 Accedit
741 2880 824 2962 quod
858 2878 959 2945 (lebes
986 2880 1068 2960 apud
1096 2877 1286 2960 Platonem³)
1319 2880 1351 2943 in

314 2995 489 3076 peregrinis
519 3000 713 3070 numeratur.
764 2993 835 3057 Hac
861 2992 999 3056 domicili
1028 2991 1257 3072 longinquitate
1284 2989 1353 3055 fieri

314 3107 433 3188 potuit,
464 3113 500 3171 ut
521 3108 625 3172 rarius
649 3107 702 3170 ille
724 3105 862 3171 Socratis
890 3105 1157 3184 disputationibus
1185 3105 1353 3169 interesset

315 3218 355 3282 ob
379 3237 511 3300 eamque
526 3237 654 3284 causam
670 3236 826 3300 nusquam
849 3235 867 3280 a
883 3216 1015 3282 Platone
1037 3216 1099 3282 nisi
1115 3217 1146 3280 in
1162 3235 1199 3280 eo
1215 3216 1351 3296 dialogo,

314 3331 366 3411 qui
391 3330 517 3398 Phaedo
540 3330 733 3409 inscribitur,
758 3349 826 3395 cum
843 3329 971 3395 Socrate
994 3329 1172 3409 colloquens
1188 3329 1351 3394 inducere-

315 3448 376 3507 tur.
422 3443 528 3508 Unum
551 3447 683 3522 constat,
708 3440 832 3506 Platoni
855 3442 882 3506 si
897 3440 990 3505 fidem
1013 3439 1179 3506 habemns:
1203 3439 1374 3526 (lebetem

314 3554 463 3633 adfuisse,
487 3574 557 3620 cum
580 3554 727 3620 Socrates
749 3571 896 3636 supremo
919 3552 1004 3617 vitae
1027 3553 1077 3617 die
1105 3553 1144 3617 de
1166 3551 1352 3616 immortali-

401 3726 428 3796 ¹)
446 3726 487 3781 De
510 3742 563 3794 quo
585 3743 610 3780 v,
629 3726 726 3779 Athen.
746 3723 784 3776 IV
806 3725 840 3777 45
864 3740 889 3791 p
916 3725 965 3777 156
984 3723 1009 3776 d.
1051 3723 1163 3777 Videtur
1185 3723 1238 3778 hoe
1255 3739 1352 3778 nomen

314 3815 480 3870 rarissimum
501 3812 597 3880 fuisse3
626 3817 734 3880 praeter
756 3810 816 3866 illos
838 3826 919 3865 unum
941 3810 1066 3876 indagavi
1088 3809 1225 3877 (lebetem,
1251 3809 1353 3879 Vergili

315 3917 429 3968 servum,
448 3916 526 3969 quem
544 3901 666 3956 Donatus
684 3904 873 3954 commemorat
891 3897 939 3951 vit.
958 3896 1038 3963 Terg.
1057 3899 1073 3950 9
1090 3912 1128 3962 aq.

402 3988 428 4055 ²)
448 3987 516 4044 Plat.
535 3987 634 4043 Phaed.
653 3989 685 4041 61
705 3986 729 4039 d.

403 4072 426 4141 θ)
446 4074 515 4127 Plat.
535 4074 634 4132 Phaed.
654 4077 720 4129 590.
