3124 4870
640 362 856 428 *ll-

232 538 314 619 quod
329 557 391 603 non
409 529 602 620 ἐπιστήμην,
619 537 673 603 sed
690 529 787 620 ἰσχὺν
803 533 859 600 καὶ
872 529 1002 615 θάρσος
1024 534 1126 601 omnis
1140 531 1268 601 virtutis

232 649 320 730 quasi
335 648 574 714 fundamentum
589 666 656 713 esse
672 647 894 728 arbitrabatur,
918 666 981 714 non
1001 647 1078 712 mihi
1093 648 1267 729 persuadeo

232 760 370 825 Tabulae
393 763 526 841 auctori,
550 761 604 842 qui
623 761 752 826 maximi
766 758 862 825 faciat
879 760 1042 824 scientiam
1051 760 1087 840 ¹),
1110 777 1179 824 eam
1203 761 1266 825 vir-

206 877 334 937 ¹tutum
356 874 561 954 partitionem
588 872 757 952 placuisse,
791 889 869 953 quae
899 870 990 936 fluxit
1026 889 1064 936 ex
1097 871 1267 935 reiectione

232 984 387 1049 scientiae.
433 985 648 1066 Relinquitur,
672 989 707 1048 ut
732 983 896 1064 vocabulo,
920 985 1002 1066 quod
1024 988 1073 1048 est
1096 979 1266 1066 ἐπιστήμη,

233 1114 300 1160 eam
322 1098 469 1162 hocloco
493 1098 644 1162 virtutem
658 1094 828 1177 significari
845 1096 1046 1177 arbitremur,
1070 1114 1151 1177 quae
1173 1096 1266 1177 vulgo

233 1215 360 1274 vocatur
383 1204 557 1293 φρόνησις.

315 1322 470 1389 Ponemus
485 1323 584 1402 igitur
599 1322 790 1387 contrariam
811 1340 830 1384 a
846 1321 986 1386 Tabulae
1009 1324 1137 1384 auctore
1151 1321 1267 1385 factam

232 1451 299 1497 esse
321 1437 596 1516 permutationem,
619 1439 714 1516 atque
739 1433 857 1499 Zenoni
879 1434 1076 1513 imputarunt
1099 1430 1267 1512 veteres2),

231 1563 298 1609 aum
334 1545 473 1611 dicerent
504 1565 575 1610 eum
610 1538 808 1629 ὁριζόμενον
839 1537 902 1627 τήν
935 1540 1104 1628 φρόνησιν
1137 1543 1174 1608 ἐν
1206 1540 1268 1626 μὲν

231 1649 465 1741 ἀπονεμητέοις
481 1653 711 1740 δικαιοσύνην,
734 1656 772 1722 ἐν
788 1655 825 1723 δὲ
848 1656 1007 1741 αἱρετέοις
1030 1651 1268 1740 σωφροσύνην,

234 1766 270 1832 ἐν
292 1767 329 1834 ol
355 1763 587 1853 ὑπομενετέοις
614 1763 775 1853 ἀνδρείαν
797 1805 838 1814 -
863 1765 1047 1854 ἐπιστήμην
1069 1765 1264 1854 φρονήσεως

231 1883 355 1947 nomine
367 1883 583 1964 designavisse
590 1881 626 1965 ³).
653 1882 755 1948 Simili
767 1884 998 1964 permutatione
1013 1901 1088 1946 usus
1102 1890 1151 1947 est
1166 1882 1267 1962 Plato,

233 1996 284 2074 qui
307 2013 462 2060 summum
489 1995 695 2076 cognoscendi
718 1995 850 2076 gradum
878 2013 1016 2076 sympoS,
1041 1999 1148 2074 aloc,
1179 1999 1269 2058 2llc

230 2104 505 2190 όίοἰιέπιστήμην,
514 2126 594 2187 quae
604 2125 664 2172 vor
673 2106 756 2187 apud
764 2123 835 2170 eum
845 2106 1087 2186 aliassignificat
1097 2105 1267 2170 secundum

229 2217 368 2296 madum.
403 2221 451 2284 Ne
467 2221 494 2284 is
509 2219 635 2300 quidem
654 2219 788 2285 refutari
805 2221 913 2299 possit,
930 2219 984 2300 qui
999 2218 1083 2283 dicat
1098 2212 1268 2301 φρόνησιν

228 2327 286 2393 hoc
308 2330 450 2396 Tabulae
478 2332 546 2396 loco
576 2332 703 2395 omnino
735 2333 883 2396 omissam
916 2349 1017 2412 neque
1045 2330 1215 2413 quidquam
1238 2332 1266 2394 ei

228 2441 435 2507 substitutum
451 2461 520 2508 esse
542 2439 717 2526 (ἐπιστήμη
740 2444 824 2508 enim
841 2450 908 2508 tum
923 2445 1013 2525 quasi
1027 2442 1267 2507 fundamentum

228 2554 366 2618 omniurn
393 2556 547 2619 virtutum
577 2561 821 2620 commemorata
847 2554 920 2636 est).
970 2555 1052 2619 Nam
1087 2549 1267 2638 φρόνησιν,

229 2683 309 2745 quae
331 2661 491 2751 ἐπιστήμη
515 2669 628 2731 κακῶν
649 2664 706 2730 καὶ
728 2659 870 2749 ἀγαθῶν
885 2664 941 2732 καὶ
957 2660 1144 2751 οὐδετέρων
1160 2666 1267 2747 (Diog.

229 2775 290 2843 VII
306 2779 361 2858 92)
383 2780 433 2844 vel
456 2775 616 2861 ἐπιστήμη
633 2770 774 2862 ἀγαθῶν
789 2776 846 2843 καὶ
859 2781 972 2844 κακῶν
987 2779 1084 2859 (Plut.
1102 2778 1140 2843 de
1155 2796 1265 2842 mmm.

227 2893 292 2953 not.
320 2888 421 2972 loa),
445 2891 705 2972 intellegebatur,
734 2909 978 2958 commemorare
1000 2908 1266 2972 supervacaneum

226 3005 351 3081 poterat
373 3003 481 3084 videri,
505 3024 574 3071 cum
589 3005 645 3085 qui
660 3004 775 3068 ceteris
790 3005 964 3069 virtutibus
978 3002 1143 3083 satisfacit,
1166 3002 1266 3068 etiam

228 3111 302 3178 huic
323 3114 499 3182 satisfaciat
521 3114 573 3198 (ci.
591 3120 767 3181 ceterarum
782 3117 937 3182 virtutum
953 3114 1162 3196 definitiones,
1186 3132 1267 3197 quae

231 3283 402 3296 ᾖ

312 3385 334 3458 ¹)
353 3387 394 3443 Oi.
410 3403 493 3458 supra
509 3405 536 3459 p.
554 3392 597 3445 ³7.

312 3509 334 3578 ¹)
352 3510 425 3566 Plut.
442 3511 503 3566 virt.
521 3527 588 3568 mor.
605 3511 631 3564 2.

310 3631 333 3700 ⁸)
352 3631 421 3700 Quid
434 3632 515 3688 Stoici
527 3633 658 3688 interesse
670 3632 804 3687 voluerint
821 3631 892 3688 inter
906 3625 1063 3700 ἐπιστήμην
1078 3636 1106 3686 et
1118 3622 1266 3698 φρόνησιν,

226 3731 260 3772 ex
277 3731 309 3772 eo
327 3716 386 3772 loco
403 3733 561 3787 cognoscere
572 3717 645 3786 licet,
657 3718 704 3787 qui
715 3724 757 3773 est
769 3715 864 3772 Galen.
877 3717 960 3786 Hipp.
979 3723 1007 3772 at
1018 3716 1088 3770 Plat.
1099 3716 1143 3784 7,2
1160 3729 1189 3782 p.
1202 3713 1266 3767 595:

225 3819 278 3857 una
290 3803 436 3874 estvirtus,
454 3799 593 3872 ἐπιστήμη
611 3795 732 3872 ἀγαθῶν
748 3801 798 3857 καὶ
810 3806 915 3858 κακῶν.
940 3793 1027 3856 “Orac
1040 3797 1093 3868 ple
1106 3789 1161 3853 οὖν
1178 3795 1267 3866 alpai-

226 3889 300 3944 roal
314 3907 344 3943 τε
363 3887 415 3960 όέη
433 3881 549 3960 τάγαθὰ
561 3889 610 3943 καὶ
628 3883 749 3958 (paripate
766 3881 802 3941 τὰ
821 3883 910 3956 κατιά,
933 3882 985 3956 τήν
1004 3880 1160 3954 ἐπιστήμην
1181 3877 1266 3952 τήνδε

223 3976 299 4028 καλῶ
318 3971 515 4046 σωφροσύνην,
534 3968 604 4031 ὅταν
624 3973 656 4028 ol
669 3967 802 4043 πράττειν
820 3971 874 4042 μὲν
891 3963 1009 4042 τάγαθὰ
1027 3964 1065 4039 μὴ
1082 3964 1216 4039 πράττειν
1233 3966 1265 4022 δέ

223 4053 314 4128 κακῶ,
339 4054 644 4131 φρόνησιν·ἀνόρείαν
668 4050 765 4114 δ’όπαν
790 4051 826 4112 τὰ
851 4056 905 4130 μὲν
922 4052 1028 4128 euplii,
1045 4049 1080 4110 τὰ
1099 4052 1131 4110 ol
1151 4049 1267 4126 φιόηη·

224 4136 294 4200 ὅταν
312 4144 344 4200 δὲ
362 4141 394 4201 τὸ
413 4140 473 4203 κατ’
492 4141 577 4216 ἀξίαν
596 4142 703 4222 exemp
721 4141 802 4217 νέμη,
821 4139 1010 4214 δικαιοσύνην
1028 4160 1067 4212 sq.
