3132 4874
251 577 414 660 aliquanto
436 577 588 642 maiorem
610 581 751 642 aetatem
778 595 848 643 eum
873 583 1007 643 noverat
1033 577 1066 644 in
1093 579 1223 662 eiusque
1245 581 1292 645 ui-

251 689 345 754 sendi
367 691 521 754 rationem
545 690 685 754 animum
708 688 898 769 intenderat,
922 707 1016 772 quam
1038 709 1101 773 qua
1120 689 1237 756 Critias
1259 697 1291 759 et

252 801 431 867 Alcibiades
454 801 581 868 fuerunt
603 820 666 886 quo
688 807 830 884 tempore
851 799 975 868 Socrati
997 803 1119 868 animos
1142 821 1216 869 suos
1239 823 1292 870 ex·

250 914 396 981 colendos
420 915 496 980 darc
518 915 688 982 desierunt.
735 915 812 994 Quis
844 915 927 979 enim
957 933 1028 981 cum
1051 935 1102 996 eo,
1129 916 1184 998 qui
1206 933 1235 980 u.
1259 935 1289 999 g.

250 1028 445 1093 tricesimum
476 1045 593 1092 annum
629 1044 727 1106 agens
765 1027 899 1092 vitiosus
931 1045 1003 1093 esse
1032 1028 1159 1110 incipit,
1191 1028 1290 1093 alium

249 1157 448 1223 quemquam,
472 1140 525 1222 qui
542 1140 683 1206 eiusdem
699 1141 817 1205 aetatis
836 1141 888 1220 sit,
904 1141 950 1204 ita
964 1146 1135 1222 comparet,
1158 1144 1194 1206 ut
1208 1141 1291 1206 hunc

250 1253 334 1318 dicat
356 1257 389 1317 et
411 1247 577 1334 νεώτερον
600 1258 633 1318 et
648 1247 876 1335 πρεσβύτερον
897 1253 932 1317 in
947 1253 1068 1319 virtute
1090 1254 1289 1335 perstitisse?

250 1366 346 1448 Atqui
370 1366 565 1432 Alcibiadem
588 1367 705 1432 scimus
728 1385 792 1432 non
814 1372 887 1432 ante
909 1385 1025 1456 pacem¹
1043 1368 1144 1448 illam,
1167 1385 1248 1449 quae
1271 1387 1290 1433 a

250 1477 340 1542 Nicia
363 1495 476 1543 nomen
499 1478 603 1557 duxit,
631 1477 804 1544 aSocrate
826 1479 996 1545 descivisse
1018 1486 1052 1545 et
1074 1481 1106 1544 in
1129 1481 1290 1561 republica

249 1591 387 1671 gerenda
402 1607 531 1671 operam
546 1591 786 1673 consumpsisse.
832 1590 1030 1674 Thucydides
1053 1592 1179 1675 quidem
1201 1597 1231 1674 b,
1247 1597 1288 1658 43

248 1703 294 1768 ita
317 1719 388 1767 eum
407 1707 641 1781 commemorat,
664 1707 700 1767 ut
722 1721 784 1768 non
800 1706 896 1768 antea
911 1703 951 1768 ad
967 1704 1194 1785 rempublicam
1218 1723 1289 1771 aum

247 1817 417 1880 accessisse
428 1815 606 1895 intellegas,
617 1832 761 1896 quaeque
770 1815 946 1897 Xenophon
959 1816 988 1880 ei
1003 1817 1126 1882 crimini
1140 1815 1237 1898 dat¹),
1250 1836 1288 1883 eu

248 1929 318 2008 ipsa
332 1945 454 2010 quoque
477 1932 549 2007 post
570 1944 681 2009 pacem
705 1927 793 1992 illam
812 1928 897 1992 inter
912 1927 1121 1994 Athenienses
1145 1937 1177 1994 et
1192 1929 1288 1994 Lace·

247 2040 430 2106 daemonius
462 2037 640 2105 confectam
669 2037 882 2119 evenerunu).
932 2039 1012 2105 Tum
1046 2042 1130 2106 enim
1164 2047 1289 2108 constat

248 2152 455 2232 Alcibiadem,
479 2169 550 2217 cnm
572 2157 668 2217 antea
691 2152 732 2217 ab
755 2151 962 2232 optimatibus
986 2153 1142 2232 stetisset,
1171 2153 1211 2218 ad
1234 2172 1289 2235 po-

246 2266 312 2347 puli
328 2269 437 2346 partes
452 2263 613 2342 transisse,
638 2281 735 2344 aegre
750 2262 914 2345 ferentem,
937 2264 1021 2347 quod
1036 2265 1286 2346 Lacedaemonii,

247 2376 362 2458 quibus
385 2376 427 2441 ad
450 2375 481 2440 id
504 2376 656 2456 temporis
686 2377 865 2456 studuerat,
895 2395 958 2442 non
981 2394 1029 2456 se,
1063 2378 1119 2442 sed
1141 2376 1234 2442 Nicia
1255 2381 1288 2443 et

245 2489 384 2554 Lachete
407 2488 456 2552 usi
479 2493 587 2554 essent
609 2489 651 2553 ad
673 2488 761 2553 illam
775 2507 885 2571 pacem
901 2487 1189 2572 componendam).
1228 2489 1287 2556 Po·

245 2619 357 2668 namus
377 2601 476 2680 igitur
490 2599 685 2666 Alcibiadem
702 2601 827 2666 circiter
842 2619 871 2665 a.
890 2605 967 2681 420,
988 2602 1009 2668 i.
1026 2620 1053 2666 e.
1072 2620 1142 2667 cum
1158 2602 1286 2682 trigesi-

244 2731 328 2779 mum
345 2713 412 2779 fere
427 2730 545 2778 annum
565 2711 712 2793 ageretb,
729 2711 870 2778 Socratis
887 2731 907 2777 a
928 2730 961 2778 se
982 2713 1130 2780 reiecisse
1147 2714 1287 2795 discipli-

244 2844 332 2891 nam:
345 2827 408 2891 iam
421 2825 626 2890 statuendum
638 2825 699 2889 erit
712 2823 871 2904 Cebetem,
884 2842 945 2906 quo
957 2833 1102 2907 tempore
1110 2826 1285 2907 Xenophon

244 2940 331 3004 illum
349 2939 382 3003 in
399 2938 525 3004 modum
542 2937 581 3002 de
597 2956 634 3004 eo
650 2937 810 3017 iudicavit,
831 2938 995 3018 aliquanto
1016 2938 1167 3004 maiorem
1188 2938 1286 3006 fuisse

336 3181 361 3249 ¹)
379 3195 473 3236 comm.
492 3179 543 3246 12,
562 3181 609 3232 24:
628 3172 677 3230 διὰ
695 3175 728 3232 δὲ
747 3171 870 3246 δύναμιν
887 3172 941 3245 τὴν
960 3172 991 3231 ἒν
1008 3179 1042 3248 τῇ
1061 3173 1143 3231 πόλει
1161 3178 1287 3242 καὶτοῖς

244 3262 403 3336 συμμάχοις
425 3257 482 3319 dard
502 3265 612 3318 πολλῶν
630 3263 680 3316 καὶ
702 3265 833 3316 δυνατῶν
852 3255 1013 3332 ἀνθρώπων
1030 3260 1285 3334 διαθρυπτόμενος,

243 3346 301 3407 ὑπὸ
330 3349 361 3405 dl
385 3353 438 3405 cori
462 3345 557 3418 δῆμον
579 3343 736 3418 τιμώμενος
759 3348 808 3402 aab
830 3346 934 3422 ῥᾳδίως
957 3344 1123 3418 πρωτεύων,
1146 3343 1285 3419 ἠμέλησεν

243 3432 345 3494 αὑτοῦ.

331 3542 355 3608 ²)
374 3544 508 3610 Tempore
540 3540 636 3610 proelii
670 3539 773 3595 Deliaci
806 3540 976 3594 Alcibiadem
1010 3539 1169 3594 familiarem
1205 3540 1286 3595 inissa

241 3632 362 3688 Socratis
382 3631 460 3684 Plato
479 3635 592 3684 testatur
610 3644 727 3698 sympos.
745 3629 794 3682 221
806 3643 830 3684 a.
867 3629 910 3682 Ad
923 3628 1031 3684 eandem
1049 3643 1169 3698 pugnam
1186 3625 1221 3680 ab
1233 3628 1287 3680 An·

241 3718 357 3774 listhene
375 3716 458 3785 (apud
476 3715 573 3770 Athen.
594 3713 731 3782 varab.)
750 3714 963 3782 accelerantur,
982 3730 1050 3782 quae
1062 3713 1134 3781 apud
1147 3713 1287 3770 Platonem

243 3807 358 3873 [courir.
377 3802 454 3856 ruod
466 3807 516 3871 sq.)
534 3800 567 3856 de
585 3816 674 3870 pugna
691 3801 764 3869 apud
782 3801 941 3858 Potidaeam
959 3801 1031 3854 mota
1049 3809 1203 3854 narrantur.

331 3905 355 3974 ν)
375 3905 495 3976 nunqu.
514 3907 538 3973 s,
557 3907 598 3960 aa

330 4007 354 4074 ⁴)
374 4009 407 4064 ci.
426 4009 579 4076 Hertcberg
592 4007 677 4062 Alcib.
690 4024 717 4077 p.
736 4011 767 4062 61
788 4023 840 4078 sq.;
859 4009 906 4078 qni
926 4010 984 4078 ipsa
996 4022 1104 4077 quoque
1118 4006 1286 4062 Alcibiadem

242 4097 275 4152 ad
295 4095 488 4166 rempublicam
506 4095 646 4150 emersisse
664 4093 721 4148 vult
738 4109 762 4150 a.
780 4097 838 4149 421.
876 4095 918 4150 De
937 4096 994 4151 aius
1012 4094 1127 4150 transtu
1147 4094 1181 4148 ad
1199 4107 1284 4162 popu·

243 4185 313 4238 lares
330 4181 364 4238 cf.
383 4181 492 4236 Hertcb.
511 4197 536 4249 p.
557 4183 598 4237 78.
