3132 4874
606 304 819 368 ..27-

193 471 392 554 positionem.
439 472 542 553 Atque
565 471 625 537 hoc
648 471 774 553 quidem
797 472 907 552 negari
931 473 1050 554 nequit,
1073 491 1093 536 a
1114 471 1231 555 Pytha·

193 603 269 666 gora
293 585 407 651 veleb
430 585 498 651 eius
521 584 683 667 discipulis
705 584 824 650 bivium
849 585 926 650 illud
954 585 1081 650 virtutis
1108 589 1141 649 et
1162 584 1230 650 vitii

194 699 355 764 inventum
371 715 455 777 esse,
478 697 569 762 modo
586 714 625 763 11
639 698 700 764 boc
715 699 927 778 neglegamus,
951 696 1033 762 hanc
1049 697 1231 777 allegoriam

193 817 259 876 tam
282 811 392 876 tritam
415 810 512 877 fuisse
534 810 619 892 apud
641 810 846 892 philosophos
870 809 1018 889 Graecos,
1049 814 1084 874 ut
1113 828 1151 873 ex
1173 808 1233 874 hac

193 943 228 990 re
251 922 329 988 nihil
353 923 500 1006 colligere
524 923 619 989 liceat
648 921 686 987 de
718 921 852 1001 familia,
883 922 934 986 cui
958 921 1098 986 Tabulae
1123 926 1233 987 auctor

193 1043 263 1102 crat
285 1035 437 1102 addictus.
475 1035 649 1100 Jerramius
673 1053 692 1098 a
714 1033 844 1100 Socrate
865 1035 914 1098 vel
930 1033 1063 1100 Platone
1086 1031 1232 1099 Cebetem

193 1148 272 1213 talia
295 1149 364 1213 vult
385 1149 526 1230 potuisse
548 1148 714 1228 adoptare:
751 1165 809 1213 nos
831 1144 930 1226 inira,
962 1146 1017 1211 ubi
1051 1146 1090 1210 de
1120 1146 1178 1212 bac
1200 1166 1233 1212 re

194 1260 338 1341 pluribus
360 1261 422 1325 erit
444 1260 678 1340 disserendum,
708 1278 907 1342 quaeremus,
935 1276 1039 1324 nonne
1061 1259 1101 1324 ad
1124 1278 1233 1326 reeen-

195 1373 292 1438 tiores
312 1373 523 1456 philosophos,
546 1374 600 1455 qui
617 1373 671 1438 illa
687 1379 915 1455 propagarunt,
938 1372 981 1436 sit
995 1371 1233 1438 decurrendum.

282 1487 372 1564 Quod
394 1487 569 1553 Jerramius
597 1507 628 1569 p.
652 1487 787 1550 XXXIV
810 1505 862 1566 ea,
892 1503 973 1566 qnae
995 1485 1034 1549 de
1057 1485 1233 1550 animorum

194 1598 382 1679 purgatione
404 1599 437 1663 in
459 1598 582 1664 Tabula
604 1600 780 1681 produntur
803 1599 873 1679 (14,
898 1603 917 1663 3
941 1617 1005 1680 sq.;
1042 1603 1097 1678 19,
1122 1595 1170 1678 4),
1194 1597 1235 1661 ad

195 1710 393 1792 Pythagorae
423 1709 502 1775 illud
524 1710 638 1792 dogma
660 1710 827 1776 referenda
851 1727 921 1776 esse
950 1716 1073 1788 censet,
1103 1727 1234 1791 persua-

195 1824 270 1888 dere
292 1823 369 1888 mihi
391 1842 453 1888 non
476 1843 605 1906 possum
627 1831 663 1890 ut
679 1825 709 1890 ei
724 1824 893 1890 assentiar.
941 1825 1038 1889 Recte
1053 1822 1138 1888 euim
1153 1821 1234 1888 idem

196 1933 371 2000 Jerramius
393 1955 424 2018 p.
447 1936 554 2002 XXIV
577 1937 728 2002 statuisse
756 1936 833 2000 mihi
855 1936 981 2001 videtur
1003 1934 1134 1999 minime
1157 1952 1236 2016 opus

196 2067 267 2114 esse
298 2048 433 2132 mystica
463 2049 520 2114 illa
551 2049 815 2131 interpretatione
846 2065 990 2130 quaeque
1012 2047 1064 2111 hic
1087 2047 1237 2129 purgatio

196 2158 1235 2241 mmmmmmfflmwmffi

196 2291 255 2354 per
264 2273 436 2355 imaginem
446 2271 693 2356 significatam.¹)
718 2273 807 2351 Quae
823 2274 982 2338 sententia
997 2291 1035 2337 ea
1050 2290 1085 2336 re
1099 2269 1237 2337 maxime

197 2386 444 2466 commendatur,
468 2389 552 2467 quod
571 2392 621 2468 19,
637 2391 656 2452 2
672 2387 770 2452 animi
785 2405 862 2452 vera
879 2384 1056 2451 eruditione
1077 2385 1237 2450 imbuendi

198 2516 268 2563 cum
290 2499 475 2581 corporibus
498 2500 692 2582 purgatoriis
714 2499 866 2565 sanandis
890 2501 1123 2580 comparantur.

283 2612 358 2677 dam
373 2613 537 2679 videamus
552 2613 591 2678 de
607 2613 662 2693 eis,
683 2613 737 2695 qui
752 2612 940 2678 Eleatarum
957 2611 1113 2691 dogmatis
1130 2610 1239 2675 dicunt

199 2722 349 2790 Cebetem
379 2721 505 2790 favisse.
550 2725 656 2806 Atque
678 2725 813 2806 primum
836 2723 1013 2792 Jemamius
1046 2721 1090 2804 (p.
1121 2720 1238 2800 XXVI,

198 2854 228 2917 p.
253 2836 405 2918 XXXIV)
433 2839 467 2902 in
494 2837 699 2903 distinctione
721 2837 877 2919 opinionis
901 2842 934 2903 et
956 2835 1106 2902 scientiae
1129 2838 1238 2900 auoto-

198 2966 264 3012 rem
287 2950 355 3014 vult
378 2957 521 3016 secutum
544 2967 614 3016 esse
627 2948 862 3028 Parmenidem;
887 2967 906 3014 1
929 2967 991 3029 quo
1013 2949 1060 3014 ita
1083 2964 1151 3012 cum
1168 2945 1240 3010 Pla·

199 3069 273 3126 tone
296 3080 367 3126 eum
389 3065 545 3144 recedere,
568 3069 606 3129 nt
628 3081 690 3128 non
713 3080 821 3128 omnes
836 3062 944 3144 utique
960 3061 1124 3142 opiniones
1139 3057 1238 3124 falsas

200 3191 270 3238 esse
291 3174 459 3241 existimet.
506 3175 575 3241 Hac
597 3176 637 3239 de
658 3193 694 3239 re
716 3173 799 3239 idem
821 3173 899 3239 mibi
922 3173 1047 3240 videtur
1068 3173 1175 3239 valere
1190 3179 1240 3238 at-

205 3394 325 3449 melioris
344 3397 457 3464 speciem
475 3396 628 3464 mentiatur,
640 3395 765 3465 incidere,
782 3396 799 3453 i.
812 3409 835 3450 e.
848 3394 973 3464 desidiae,
985 3395 1104 3464 inertiae,
1117 3395 1240 3450 luxuriae

205 3496 234 3535 se
253 3480 361 3536 madere
393 3483 473 3552 (qnae
497 3482 591 3537 suavia
613 3481 719 3550 quidem
746 3481 868 3535 ridentur
893 3481 929 3536 ad
958 3488 1063 3550 tempus
1087 3482 1240 3538 verobona

199 3567 335 3634 ignoranti
361 3565 453 3638 [μέχρι
478 3565 531 3637 μέν
548 3586 626 3630 τινος
648 3559 733 3636 ἡδεῖα
752 3568 837 3622 δοκεῖ
856 3563 931 3622 εἶναι
949 3558 966 3636 ἡ
986 3561 1153 3638 διατριβή]);
1180 3573 1241 3636 post

201 3661 291 3708 1111111
314 3654 413 3710 omissa
437 3655 509 3710 omni
534 3653 662 3722 dignitate
685 3668 718 3710 ao
739 3669 769 3708 re
792 3653 917 3708 familiari
938 3653 967 3707 in
985 3653 1108 3708 omnibns
1127 3651 1241 3706 miseriis

200 3739 397 3810 ignominiaque
415 3742 556 3796 victurum.

291 3825 317 3892 ¹)
334 3825 450 3880 Jerram.
468 3843 495 3896 p.
514 3825 618 3882 XXIV:
646 3827 692 3882 tho
714 3825 846 3896 langnags
869 3825 899 3881 oi
922 3825 968 3880 the
986 3823 1084 3880 Tablet
1107 3822 1188 3878 needs
1205 3838 1241 3878 no

202 3911 269 3967 euch
287 3913 382 3982 mystis
400 3913 606 3982 interpretatIon
682 3913 740 3969 The
758 3905 919 3982 καθαρτικὴ
938 3905 1061 3980 δύναμις
1078 3911 1102 3980 iq
1118 3923 1152 3964 en
1171 3909 1241 3964 ordi·

201 4011 269 4068 nary
287 3999 428 4068 metaphor
441 4039 448 4054 .
462 4039 489 4053 ..
508 3999 562 4054 and
585 3998 740 4066 containing
764 4014 799 4054 no
823 4012 963 4068 necessary
988 3995 1123 4052 reference
1145 4001 1173 4050 to
1195 3995 1242 4051 tlre

203 4083 390 4154 Pythagoream
406 4101 437 4141 or
454 4100 507 4156 any
525 4085 603 4142 other
620 4083 792 4153 philosophie
809 4091 915 4154 system.
