3132 4874
729 329 945 388 ,28-

319 518 379 581 qne
411 500 450 564 de
479 500 606 566 virtutis
640 504 673 564 et
703 499 773 565 vitii
806 498 889 565 bivio
920 517 941 564 a
968 497 1188 580 Pythagoricis
1218 499 1357 565 invento.

318 613 378 678 llla
401 611 484 677 enim
506 612 666 678 distinctio
681 612 722 677 ab
737 611 861 677 Eleatis
883 611 1025 693 prolecta
1041 611 1136 676 abiis
1152 630 1233 693 quae
1247 618 1359 693 postea

318 725 465 791 conditae
495 729 570 790 sunt
602 723 718 790 scholis
750 722 817 788 fere
839 723 984 788 omnibus
1008 728 1136 804 recepta
1159 729 1224 804 cst,
1254 724 1301 789 ita
1323 730 1359 790 nt

318 837 378 902 hac
406 837 439 900 in
470 855 504 901 re
527 836 743 901 Eleaticorum
773 835 1031 918 philosophorum
1060 837 1110 899 vel
1137 836 1280 902 Platonis
1304 835 1359 916 (cl.

317 949 400 1014 Jerr.
416 967 446 1030 p.
462 948 600 1013 XXXIV
618 948 650 1027 3)
672 949 807 1028 vestigia
822 953 984 1014 auctorem
999 947 1155 1030 pressisse
1169 967 1233 1015 non
1249 967 1359 1014 conce·

319 1063 430 1127 damus
453 1061 516 1126 nisi
529 1060 600 1143 quis
615 1061 799 1143 probaverit
813 1079 861 1140 ea,
885 1077 967 1141 quae
982 1060 1016 1124 in
1031 1058 1156 1126 Tabula
1172 1061 1210 1126 de
1226 1062 1358 1126 scientia

318 1179 352 1240 et
373 1173 521 1255 opinione
543 1173 727 1253 traduntur,
751 1173 798 1239 ita
820 1191 891 1238 cnm
913 1173 977 1238 illis
999 1173 1181 1254 convenire,
1205 1179 1240 1239 nt
1262 1193 1281 1238 a
1303 1192 1359 1256 po·

249 1351 258 1372 ,
319 1285 487 1352 steriorum
521 1285 780 1368 philosophorum
818 1286 976 1387 dogmatis
1010 1287 1172 1364 recedant3
1209 1286 1241 1350 id
1275 1287 1359 1368 quod

318 1417 420 1480 neque
443 1397 634 1463 aderramio
657 1397 826 1479 probatum
842 1401 900 1477 est,
923 1416 1023 1479 neque
1040 1398 1167 1463 omnino
1183 1397 1259 1461 mihi
1274 1397 1359 1463 vide·

319 1519 372 1578 tur
401 1511 530 1595 probari
562 1528 664 1592 posse.
710 1509 779 1575 Hoc
809 1528 879 1575 cnm
909 1509 992 1589 dico,
1023 1528 1085 1574 non
1109 1528 1190 1591 nego
1214 1511 1359 1593 equidem

321 1623 519 1689 Parmenidis
541 1622 658 1687 librum
674 1623 794 1688 auctori
812 1622 953 1687 Tabulae
976 1623 1166 1704 innotuisse,
1189 1623 1284 1686 immo
1301 1623 1359 1688 hoc

318 1736 369 1801 vel
391 1753 430 1800 ex
451 1752 488 1800 eo
512 1734 669 1815 suspicor,
700 1734 785 1816 quod
814 1733 922 1816 aliqua
951 1734 1034 1800 inter
1062 1752 1097 1798 se
1125 1735 1359 1817 coniunguntur

320 1847 527 1914 similitudine
555 1847 680 1912 initium
713 1846 862 1912 carminis
885 1847 1087 1914 Parmenidci
1110 1852 1142 1913 et
1164 1847 1305 1940 Tabulae
1329 1848 1357 1913 ei

319 1960 390 2040 loci,
413 1959 528 2041 quibus
551 1958 590 2024 de
613 1958 761 2041 opinione
783 1963 817 2024 et
839 1957 973 2024 scientia
994 1960 1172 2041 exponitur.

406 2071 501 2137 Aliud
530 2071 631 2136 latere
653 2070 816 2136 Eleaticae
848 2070 1065 2152 philosophiae
1097 2071 1265 2153 vestigium
1294 2072 1358 2138 exi-

320 2185 463 2251 stimavit
485 2183 661 2248 Schaberus
672 2180 707 2263 ¹),
731 2184 785 2265 qni
808 2183 931 2248 auctori
950 2182 1075 2248 illorum
1091 2184 1268 2250 doctrinam
1291 2183 1359 2264 pla-

321 2296 424 2362 cuisse
447 2313 486 2360 ex
514 2294 555 2359 iis
578 2293 713 2375 colligit,
742 2312 825 2376 quae
855 2294 893 2359 de
924 2295 1096 2377 ,principio
1127 2314 1200 2362 vere
1230 2294 1354 2361 divino“

319 2427 345 2474 c.
363 2411 404 2472 43
428 2411 639 2487 exponuntur.
677 2406 721 2471 At
736 2407 872 2488 primum
894 2407 972 2472 haec
995 2409 1157 2475 sententia
1179 2409 1214 2474 in
1238 2406 1358 2473 lubrico

320 2520 432 2586 nititur
454 2517 670 2584 fundamento.
725 2518 776 2582 Illi
799 2520 882 2584 enim
906 2521 1010 2601 operis
1033 2520 1193 2586 clausulae
1216 2521 1249 2584 in
1273 2518 1359 2585 nullo

323 2652 361 2697 ex
399 2631 453 2711 iis,
491 2647 572 2710 quae
621 2629 712 2696 nobis
743 2636 869 2712 praesto
904 2637 979 2697 sunt
1014 2633 1188 2712 codicibus,
1235 2632 1288 2696 sed
1326 2631 1358 2695 in

320 2743 388 2809 sola
413 2743 558 2809 versione
585 2741 722 2808 Arabica
745 2748 892 2809 servatae
918 2744 1120 2810 vehementer
1143 2743 1252 2809 dubito
1283 2760 1359 2806 num

319 2855 489 2938 quidquam
506 2855 657 2920 momenti
672 2854 875 2921 tribuendum
891 2857 943 2936 sit,
966 2856 1154 2940 praesertim
1174 2872 1245 2919 cum
1261 2855 1359 2918 inter·

320 2972 440 3048 pretem
457 2967 628 3033 Arabicum
651 2967 684 3031 in
707 2967 766 3032 hoc
788 2967 870 3033 libro
893 2969 1060 3034 tractando
1082 2942 1183 3054 mpiita
1205 2965 1289 3030 male
1312 2965 1359 3029 in-

320 3080 478 3146 tellexisse
501 3079 705 3162 ridiculisque
720 3080 881 3146 erroribus
905 3085 1031 3161 captum
1055 3096 1125 3145 csse
1148 3096 1185 3143 ex
1201 3077 1255 3158 iis,
1278 3095 1359 3159 quae

320 3191 494 3258 Salmasius
521 3192 554 3257 in
585 3190 780 3274 praelatione
809 3191 956 3256 editionis
986 3210 1065 3257 suae
1087 3191 1261 3271 congessit,
1289 3208 1359 3272 per·

320 3306 463 3386 spicuum
491 3301 577 3386 siti).
624 3304 685 3371 Sed
707 3308 744 3369 ut
766 3303 974 3370 concedamus
1001 3302 1159 3369 Scbabero
1189 3302 1358 3384 genuinam

324 3444 497 3456 m

407 3509 433 3580 1)
451 3511 541 3566 Ueber
560 3510 608 3566 das
627 3509 754 3566 Gemalde
772 3510 817 3565 des
834 3509 932 3578 Kebes,
950 3509 1083 3565 Constans
1101 3513 1177 3579 1862,
1196 3527 1223 3577 p.
1241 3511 1266 3575 9,
1279 3508 1322 3560 43.

412 3595 437 3665 ²)
456 3596 552 3651 Paucis
570 3596 602 3650 de
620 3596 653 3652 iis
670 3612 804 3666 moneam,
829 3610 897 3664 quac
920 3611 974 3650 non
993 3595 1060 3651 bens
1083 3597 1151 3649 inter
1170 3609 1198 3648 se
1218 3593 1359 3648 convenire

321 3682 456 3750 ridentum
481 3697 503 3736 c.
521 3684 553 3735 41
573 3697 627 3737 erc:
653 3698 705 3751 qua
723 3682 771 3737 illa
794 3697 811 3736 a
836 3682 924 3749 pravis
942 3681 1094 3737 actionibus
1120 3695 1179 3735 esse
1203 3679 1358 3746 creduntur;

321 3768 482 3825 vocobulum
500 3768 572 3838 qnod
590 3775 632 3824 est
649 3767 697 3822 illa
714 3767 851 3822 rettuleris
867 3766 902 3821 ad
914 3769 1037 3837 virtutes,
1054 3782 1120 3836 quas
1139 3767 1166 3819 in
1177 3764 1359 3834 praecedenti·

324 3857 374 3910 bus
392 3855 526 3925 capitibus
544 3854 671 3910 traditum
689 3863 728 3909 est
746 3853 815 3909 male
833 3853 911 3908 factis
928 3855 1020 3922 pareri
1037 3870 1091 3909 non
1109 3867 1194 3923 posse.
1231 3853 1267 3905 At
1285 3868 1307 3906 c.
1325 3852 1359 3904 42

325 3942 361 3996 in.
380 3942 512 4000 vocabulo
532 3941 631 4010 „telisl
656 3940 839 4015 significantur
862 3956 906 3995 res
927 3941 1036 3995 medias.
1072 3939 1199 4009 Quodne
1217 3937 1360 4008 suspiceris

320 4027 475 4095 interpretis
494 4028 584 4084 Latini
603 4029 721 4086 incurius
739 4027 909 4084 tribuendum
927 4043 998 4097 esso,
1022 4028 1132 4083 earrdcm
1155 4025 1358 4096 discrepantiam

320 4113 422 4169 invenis
440 4114 466 4168 in
486 4114 644 4171 Germsnics
667 4115 786 4172 versione
804 4114 929 4171 Muelleri
953 4115 990 4184 (in
1014 4115 1137 4174 Kraussii
1159 4115 1275 4169 editione
1294 4113 1359 4167 Ger·
