3132 4874
633 352 849 412 -19-

221 519 491 603 philosophorum,
524 521 758 588 verumetiam
790 520 827 585 de
853 537 962 601 regum
991 517 1186 600 temporibus
1208 519 1260 584 vix

220 632 390 714 quidquam
426 653 483 715 pro
512 633 676 715 explorato
704 632 830 698 habere.
876 632 954 709 Quis
985 633 1068 698 enim
1101 650 1196 697 ausus
1218 631 1262 696 sit

220 762 336 826 ponere
353 747 554 812 Aristotelem
578 747 662 811 intra
685 764 785 811 annos
809 751 871 811 393
895 750 927 809 ct
951 749 1013 810 313
1030 745 1203 809 Alexandri
1218 743 1260 808 M.

220 856 320 924 fuisse
352 865 604 942 praeceptorem,
636 858 697 924 nisi
729 858 782 939 qui
815 875 939 923 omnem
967 857 1203 939 chronologiam
1225 854 1260 921 in

220 971 364 1050 quamvis
395 969 493 1037 firmis
525 977 667 1038 veterum
699 970 890 1037 testimoniis
920 971 1028 1034 nixam
1052 969 1145 1034 nihili
1168 969 1262 1035 aesti-

222 1101 310 1148 mare
333 1085 473 1148 animum
496 1084 677 1149 induxerit?

310 1232 383 1297 Janr
407 1232 447 1296 de
475 1231 513 1295 iis
545 1231 724 1311 videamus,
752 1231 807 1312 qui
838 1249 953 1296 novam
981 1230 1133 1297 vocabulo
1162 1234 1263 1313 Περι»

224 1347 401 1426 conpararet
414 1343 628 1409 adhibuerunt
642 1344 946 1425 interpretationem.
980 1342 1085 1425 Atque
1107 1343 1201 1422 idern,
1224 1343 1263 1408 de

221 1476 282 1540 quo
311 1459 402 1524 modo
430 1457 580 1540 diximus,
615 1458 798 1537 Feurlinus,
833 1457 954 1521 mavult
986 1462 1100 1536 putare
1131 1473 1194 1520 non
1224 1455 1263 1520 oa

224 1570 405 1636 Aristotelis
429 1571 639 1636 sectatoribus
662 1569 805 1635 hocloco
821 1569 886 1650 agi,
909 1569 964 1633 sed
987 1574 1063 1633 ante
1079 1568 1262 1633 Aristotelis

221 1687 360 1747 aetatem
384 1681 501 1762 fuisse,
525 1683 579 1762 qui
606 1700 676 1746 cum
700 1673 737 1746 ἓν
759 1675 943 1766 περιπάτῳ,
967 1679 997 1742 h.
1022 1697 1048 1742 e.
1074 1679 1261 1761 spatiantes

221 1795 386 1874 docerent,
416 1795 622 1875 Peripatetici
650 1794 700 1859 vel
727 1793 833 1875 potius
860 1792 1030 1872 Peripatici
1059 1798 1262 1872 vocarentur,

222 1926 316 1990 quarn
339 1909 636 1990 interpretationem
651 1907 701 1971 vel
717 1908 853 1970 rnarime
868 1904 1082 1970 commendari
1101 1904 1260 1987 scriptura

221 2021 288 2086 cod.
309 2021 362 2100 M,
385 2021 441 2101 qui
457 2020 586 2086 exhibet
604 2021 837 2101 Περιπατικοί;
860 2019 944 2084 unde
960 2036 1115 2100 apparere
1130 2019 1182 2084 hic
1201 2037 1262 2083 non

222 2133 450 2214 Aristotelicas,
467 2134 521 2215 qui
537 2135 653 2215 ubique
665 2135 929 2214 Περιπατητικοί
940 2133 1189 2209 nominarentur,
1208 2134 1262 2196 sed

222 2247 343 2326 priores
367 2246 437 2312 illos
460 2247 661 2328 philosophos
684 2246 866 2328 significari.
903 2245 1261 2326 Schweighaeuserus¹),

220 2359 273 2439 qui
305 2360 381 2424 item
403 2359 514 2424 scribit
540 2361 772 2442 Περιπατικοί,
803 2359 882 2424 duos
913 2358 1135 2441 Aristophanis
1165 2357 1261 2437 lacae,

220 2472 273 2553 qui
303 2477 378 2536 sunt
405 2491 474 2536 ran.
502 2477 565 2536 973
597 2471 689 2554 (942)
717 2478 750 2536 ct
774 2476 837 2536 984
860 2471 966 2554 (953),
990 2472 1057 2536 vult
1080 2471 1261 2538 testimonio

220 2603 301 2664 esse,
325 2585 511 2650 vocabulum
528 2585 705 2666 περίπατος
726 2587 788 2649 iam
807 2585 949 2650 Socratis
969 2590 1076 2651 aetate
1091 2604 1153 2651 non
1171 2586 1262 2650 modo

221 2703 346 2780 xystum
369 2703 402 2762 et
430 2699 534 2762 locum
564 2698 773 2763 ambulationi
796 2698 1004 2778 destinatum,
1029 2717 1137 2776 verum
1166 2698 1262 2764 etiarn

221 2811 440 2876 scholasticam
481 2787 741 2892 philosophorum
781 2811 1031 2892 disputationem
1067 2811 1262 2892 designasse.

221 2921 290 3000 Quo
318 2942 357 2988 er
388 2942 445 2987 usu
475 2921 568 2987 facile
599 2924 751 3005 explicari
782 2923 858 2987 illua
887 2925 1106 3005 περιπατικοί.
1157 2922 1262 3003 Atque

222 3054 302 3116 quaa
332 3035 384 3099 ille
412 3035 451 3098 da
479 3035 631 3100 vocabulo
659 3037 838 3116 aspirantes
864 3036 1021 3117 disputat,
1054 3055 1091 3100 ea
1114 3041 1200 3101 recte
1228 3054 1263 3100 se

222 3147 352 3226 habent3
377 3165 479 3228 neque
501 3153 609 3212 tamen
633 3149 665 3212 in
689 3149 738 3226 iis,
761 3165 841 3229 quae
862 3166 899 3212 ex
921 3148 970 3213 his
986 3149 1063 3212 locis
1080 3147 1118 3211 de
1134 3149 1261 3214 nornine

225 3264 436 3340 περιπατικοί
461 3259 544 3325 effici
566 3262 741 3340 existimat,
773 3260 1067 3342 Schweighaeusero
1094 3261 1261 3348 assentior,

222 3371 271 3435 Ex
301 3372 439 3452 antiquis
471 3373 555 3437 enirn
586 3373 792 3453 scriptoribus
829 3374 883 3453 iis,
918 3393 1051 3456 quorum
1087 3392 1184 3457 opera
1219 3375 1259 3438 ad

224 3489 365 3549 nostram
390 3503 489 3566 usque
513 3485 694 3549 memoriam
719 3493 914 3565 manserunt,
938 3486 1042 3550 nullus
1069 3486 1147 3551 illud
1171 3507 1260 3567 περι-

226 3599 362 3660 πατικοί
394 3595 553 3676 adhibuit3
588 3597 702 3662 nedum
730 3597 970 3678 significationis
993 3599 1048 3663 illa
1071 3596 1260 3676 differentia,

221 3725 315 3790 quarn
329 3704 1095 3791 interuapuaarrxoricetnaprrcacpmaoricstatuit
1107 3709 1262 3790 Schweig-

222 3819 409 3902 haeuserus,
444 3841 576 3904 uuquram
612 3830 882 3902 commemoretur.
931 3825 1040 3904 ltaque
1069 3839 1259 3902 quamquam

224 4001 395 4012 -..-——.

311 4127 335 4196 ¹)
354 4129 414 4184 edit.
435 4129 519 4182 maior
539 4132 605 4184 1798
624 4145 649 4198 p.
669 4131 720 4182 306
738 4137 765 4182 et
783 4130 842 4184 366.

1003 4216 1040 4282 2*
