3132 4874
727 325 939 384 ...24-

315 493 454 557 auctoris
481 493 646 558 sententiis
677 498 709 558 et
738 497 845 558 aetate
874 512 947 558 mox
975 494 1162 574 videbimus,
1193 513 1213 560 a
1236 492 1352 578 Cynico

315 605 368 670 illo
392 604 477 669 haud
499 605 595 669 nimis
618 605 805 686 discrepent,
830 605 863 670 id
877 609 983 670 tamen
1008 607 1082 671 licet
1097 624 1248 687 asserere,
1273 626 1353 689 quae

315 718 354 782 de
378 717 495 800 Cynico
518 717 634 782 (lebete
657 723 818 799 comperta
840 717 1005 799 habemus,
1030 738 1067 784 ea
1093 719 1244 800 pauciora
1272 738 1352 798 esse,

315 849 409 911 quam
433 836 468 895 ut
491 830 537 894 illi
551 829 657 910 potius
672 848 766 909 quam
789 829 843 893 alii
868 830 990 894 cuidam
1007 828 1125 911 Cebeti,
1149 833 1264 913 dequo
1281 832 1353 898 silet

315 948 479 1008 auctorum
502 942 660 1021 memoria,
685 941 839 1008 Tabulam
861 941 956 1008 liceat
978 944 1168 1010 adscribere.

316 1283 378 1366 ΙΙ.
405 1284 468 1365 lle
495 1281 882 1384 philosophorum,
910 1302 1024 1394 quae
1050 1283 1223 1366 Tabula
1250 1304 1354 1367 con·

585 1413 804 1511 tinentur,
832 1414 1084 1498 sententiis.

403 1583 525 1648 Tabula
547 1583 690 1663 quamvis
714 1585 829 1648 cursim
853 1585 992 1665 perlecta
1007 1601 1098 1648 nemo
1116 1601 1179 1648 nou
1202 1584 1261 1648 hoc
1283 1602 1354 1665 per-

317 1713 444 1760 suasum
467 1695 613 1776 habebit,
646 1700 808 1761 auctorem
839 1714 902 1760 non
935 1696 966 1759 id
996 1713 1103 1775 agere,
1137 1700 1172 1760 ut
1201 1695 1356 1760 derebus

316 1808 511 1890 philosophis
533 1812 657 1874 ratione
680 1828 717 1874 ac
740 1808 791 1873 via
819 1808 973 1888 disceptet
1001 1812 1059 1872 aut
1087 1807 1168 1872 hanc
1190 1808 1240 1870 vel
1267 1807 1355 1871 illam

316 1919 572 2002 philosophorum
596 1920 750 1986 familiam
766 1939 841 1984 vera
858 1919 968 1984 docere
991 1920 1116 1984 evincat
1134 1920 1263 2003 eiusque
1281 1920 1357 2000 dog-

317 2039 404 2100 mata
426 2053 446 2099 a
468 2041 644 2100 ceterorum
660 2033 903 2114 reprehensione
918 2030 1076 2112 defendat,
1100 2033 1154 2098 sed
1178 2039 1214 2098 ut
1236 2033 1357 2098 devita

317 2154 404 2214 recte
422 2147 617 2213 instituenda
634 2150 771 2226 exponat
787 2143 1021 2209 accommodate
1036 2145 1075 2209 ad
1092 2163 1287 2210 communem
1310 2145 1358 2210 in-

318 2260 536 2340 tellegentiam
559 2275 725 2338 moresque
753 2255 885 2321 excolat.
932 2257 979 2320 Dc
1005 2256 1055 2320 his
1083 2262 1188 2321 autem
1215 2259 1358 2341 quisquis

291 2379 294 2384 ’
318 2391 382 2436 uon
397 2370 576 2436 hominihus
591 2367 852 2451 philosophorum
868 2368 1013 2433 doctrina
1028 2368 1169 2448 imbutis,
1188 2369 1243 2434 sed
1259 2369 1356 2434 cuivis

317 2484 479 2549 hominum
501 2483 611 2562 generi
634 2487 670 2545 ut
692 2479 844 2546 scriberet
859 2480 921 2545 sibi
936 2481 1110 2562 proposuit,
1134 2499 1205 2544 eum
1228 2499 1358 2545 cousen-

201 2639 206 2646 -
318 2602 448 2661 taneum
472 2599 522 2659 est
545 2594 670 2658 omissis
693 2591 886 2658 familiarum
904 2591 1126 2659 controversiis
1149 2609 1213 2657 non
1235 2593 1290 2657 uni
1312 2593 1358 2659 ita

320 2727 353 2772 se
376 2707 532 2786 addicere,
555 2712 591 2773 ut
614 2712 735 2773 ceteras
758 2725 866 2773 ornnes
889 2726 909 2771 a
932 2725 966 2772 se
988 2706 1108 2787 reiciat,
1133 2705 1188 2772 sed
1210 2706 1357 2789 undique,

319 2837 400 2900 quae
423 2820 470 2883 illi
493 2820 597 2885 studio
621 2820 692 2885 usui
708 2824 792 2900 sunt,
816 2837 985 2886 assumere.
1023 2819 1058 2884 Id
1082 2820 1165 2900 quod
1180 2819 1360 2885 illustratur

319 2932 537 3014 philosophiae
567 2931 651 3015 apud
683 2931 820 2996 Graecos
852 2932 994 2997 historia.
1042 2933 1109 3010 Quo
1143 2933 1227 2997 enim
1256 2931 1358 3012 magis

319 3063 382 3110 non
405 3045 593 3110 inveritate
622 3044 830 3124 exploranda,
863 3044 919 3109 sed
947 3044 980 3107 in
1010 3044 1151 3109 moribus
1182 3043 1360 3109 excolendis

174 3128 187 3156 ὦ
320 3175 448 3239 operam
473 3157 671 3222 collocabant
692 3155 872 3237 philosophi
896 3155 1024 3233 Graeci,
1048 3174 1084 3221 eo
1107 3157 1209 3236 magis
1232 3155 1358 3220 eclecti-

321 3271 427 3350 cismo,
451 3271 505 3354 qui
526 3274 666 3348 vocatur,
690 3267 740 3332 usi
762 3286 801 3332 ex
816 3268 1012 3333 diversarum
1027 3273 1185 3333 sectarum
1208 3268 1359 3332 doctrinis

320 3408 402 3471 quae
425 3383 602 3466 probabilia
623 3381 813 3466 videbantur
839 3399 1010 3461 congerere
1039 3387 1227 3446 consuerant
1257 3398 1360 3461 neque
1486 3397 1489 3402 ·

322 3499 510 3568 dubitabant
533 3495 574 3560 ad
596 3511 649 3559 eos
665 3499 810 3558 auctores
826 3510 1006 3574 provocare,
1028 3511 1161 3573 quorum
1185 3491 1360 3558 sententias

322 3617 360 3681 de
391 3610 589 3695 philosophia
618 3608 760 3691 prolatas
791 3606 871 3671 alias
903 3607 1106 3687 respuebant.
1151 3606 1263 3670 Testes
1290 3623 1360 3669 cum

322 3728 377 3794 alii
400 3731 484 3806 sunt,
507 3729 576 3789 tum
598 3720 780 3800 Panaetius,
804 3737 896 3800 quem
921 3717 1030 3783 Cicero
1053 3719 1091 3782 de
1114 3717 1167 3782 fin.
1190 3717 1234 3782 IV
1251 3722 1302 3798 28,
1319 3723 1359 3782 79

322 3842 399 3906 dicit
433 3856 557 3920 semper
590 3837 623 3900 in
664 3853 717 3899 ore
747 3831 896 3897 habuisse
925 3830 1105 3910 Platonem,
1145 3829 1360 3909 Aristotelem,

322 3954 547 4031 Xenocratem,
583 3945 851 4028 Theophrastum,
889 3941 1127 4007 Dicaearchum.
1175 3941 1279 4007 Testis
1314 3947 1361 4008 est
1476 3989 1481 3994 -

323 4065 454 4146 Seneca,
475 4064 526 4146 qui
546 4063 712 4128 Platonem
735 4056 910 4124 admiratur
934 4059 966 4120 et
989 4054 1109 4136 pariter
1132 4055 1209 4120 dicit
1234 4061 1361 4136 ,noster
