3132 4874
638 312 852 372 „13-

227 483 401 551 Drosihnns
421 483 541 562 attulit,
565 486 752 564 argumento
767 481 929 562 probatur.
970 476 1157 560 Suspicatus
1178 479 1261 544 enirn
1288 562 1293 568 ,

226 601 386 662 auctorem
416 594 573 678 epistulae
604 595 687 658 inter
717 593 870 675 epistulas
900 590 1039 657 Socratis
1067 598 1100 657 et
1126 591 1262 657 Socrati-

227 727 332 774 corum
358 713 413 788 20,
446 713 540 790 quam
570 705 707 772 Orellius
737 704 871 769 coniecit
898 701 1065 786 (Pseudo)
1091 702 1200 769 Ceben
1231 710 1264 768 et

226 818 390 900 (Pseudo)
414 819 563 884 Simmiae
584 818 785 885 tribuendam
808 835 890 896 esse,
914 834 985 881 cum
1009 816 1162 882 scriberet
1184 815 1263 882 illud

226 925 351 1007 παντὸς
373 921 422 995 o'r'v
445 926 555 996 ἐπάνω
582 923 731 994 πλούτου
754 926 809 992 καὶ
833 923 946 1009 δόξης,
974 929 1013 992 de
1036 927 1161 994 Cebetis
1184 928 1260 995 Tab.

227 1061 295 1125 cap.
314 1047 364 1123 26,
383 1049 401 1109 3
418 1044 583 1124 cogitasse.
623 1041 721 1122 Atqui
742 1041 911 1107 verisimile
930 1059 999 1106 csse
1019 1041 1091 1108 illas
1111 1042 1263 1122 epistulas

227 1171 289 1220 nou
305 1161 377 1237 post
393 1156 473 1221 med.
487 1157 520 1220 11
532 1175 562 1237 p.
576 1152 649 1218 Chr.
667 1173 697 1218 n.
715 1152 875 1218 saeculum
887 1153 1076 1235 compositas
1088 1171 1173 1234 asse;
1189 1170 1264 1234 ergo

227 1284 264 1332 eo
276 1267 338 1330 iam
354 1274 496 1348 tempore
518 1266 674 1331 Tabulam
684 1271 722 1352 ,et
742 1266 901 1330 exstitisse
924 1270 956 1331 et
970 1264 1132 1331 Socratico
1155 1264 1265 1331 Cebeti

227 1379 421 1460 adscriptam
436 1396 513 1443 esse.
551 1378 622 1456 Qua
637 1377 911 1459 argumentatione
921 1377 1003 1441 nihil
1016 1383 1122 1458 potest
1137 1395 1206 1444 esse
1218 1379 1265 1442 iu·

228 1487 360 1556 firmius.
398 1490 539 1555 Primum
562 1491 646 1556 enim
668 1490 756 1555 illam
779 1489 948 1570 epistulam
970 1509 1009 1554 ex
1031 1491 1172 1555 auctoris
1195 1507 1265 1554 sen-

227 1602 329 1667 tentia
350 1601 460 1667 Cebeti
484 1602 684 1668 tribuendam
706 1621 776 1668 esse
799 1602 927 1666 minime
950 1607 1076 1667 constat
1107 1600 1161 1666 sed
1191 1619 1264 1667 con-

229 1715 351 1779 iectura
379 1714 553 1796 colligitur;
576 1715 689 1780 deiude
716 1731 791 1778 uum
816 1713 956 1779 Socratis
979 1718 1011 1779 et
1031 1712 1265 1778 Socraticorum

228 1843 310 1905 quae
339 1825 485 1891 feruntur
511 1826 666 1908 epistulae
690 1833 764 1891 aute
786 1826 867 1890 med.
890 1826 922 1889 II
948 1831 1021 1906 post
1045 1824 1118 1891 cnr.
1143 1846 1173 1892 n.
1198 1844 1265 1892 sae-

229 1937 333 2001 culum
357 1937 518 2004 conlectae
541 1939 620 2018 sint,
646 1939 829 2018 ambigitur.
875 1936 955 2002 Tum
977 1939 1061 2021 quod
1086 1939 1202 2004 attinet
1224 1940 1266 2004 ad

229 2049 286 2113 illa
308 2050 460 2115 vocabula
483 2044 608 2127 παντὸς
629 2040 678 2114 dv
701 2045 811 2114 ἐπάνω
835 2042 983 2113 πλούτου
1005 2048 1061 2113 καὶ
1084 2047 1193 2132 δόξης,
1215 2051 1266 2116 hic

228 2179 401 2226 consensus
428 2181 491 2228 non
518 2163 597 2227 satis
620 2161 705 2227 valet
732 2162 773 2226 ad
795 2162 992 2243 probandum
1014 2162 1155 2227 Tabulae
1177 2163 1264 2227 illum

228 2272 330 2338 locum
363 2275 485 2339 auctori
516 2274 717 2340 obversatum
741 2291 824 2352 esse,
855 2291 926 2337 cum
958 2274 1129 2340 sescenties
1155 2274 1265 2339 eadem

229 2401 280 2447 res
310 2383 421 2449 iisdem
454 2385 520 2449 fere
551 2385 600 2450 his
629 2385 790 2451 vocabulis
822 2386 908 2467 apud
938 2387 1130 2467 posteriores
1164 2388 1266 2469 expri-

229 2499 335 2558 matur
345 2492 379 2576 ¹).
412 2495 577 2561 Postremo
589 2497 712 2562 etiamsi
727 2498 966 2564 concederemus
975 2498 1265 2566 Pseudo-(lebetem

229 2605 283 2686 qui
311 2603 483 2688 epistulam
506 2607 594 2673 illam
622 2610 797 2689 composuit
819 2610 973 2675 Tabulam
1002 2609 1155 2676 Socratici
1182 2611 1266 2675 illius

230 2715 407 2799 philosophi
429 2719 642 2800 existimasse,
665 2725 772 2784 tamen
795 2727 962 2803 propterea
991 2741 1053 2787 non
1082 2729 1267 2804 sequeretur

99 2855 103 2862 ·
230 2829 324 2909 vulgo
354 2829 428 2895 inde
458 2831 499 2895 ab
529 2831 583 2896 illo
614 2837 755 2912 tempore
783 2832 829 2897 sic
860 2834 1015 2899 creditum
1045 2833 1159 2916 esse').
1204 2834 1266 2898 Sed

229 2945 265 3004 ut
287 2960 441 3022 ponamus
464 2942 548 3023 apud
570 2943 763 3009 recentiores
787 2943 869 3009 hanc
891 2946 1071 3026 opinionem
1093 2944 1191 3010 fuisse
1218 2945 1265 3010 di-

230 3051 393 3132 vulgatam
415 3052 681 3135 Lucianumque³)
712 3060 744 3119 et
768 3055 965 3122 chalcidium
995 3057 1189 3122 intellexisse
1211 3055 1268 3121 So-

231 3165 382 3230 craticum
413 3163 576 3230 Cebetem:
604 3183 698 3246 quam
730 3185 829 3249 parva
858 3166 909 3232 his
943 3169 975 3232 iu
1002 3168 1097 3234 rebus
1124 3173 1265 3234 veterum
1347 3218 1350 3224 .

231 3275 434 3358 scriptorum,
466 3277 527 3341 nisi
557 3279 612 3358 qni
643 3278 681 3342 de
712 3279 870 3344 industria
899 3281 933 3344 iu
955 3286 1026 3345 arte
1047 3280 1157 3346 critica
1179 3299 1266 3346 exer·

230 3386 329 3451 cenda
358 3406 486 3469 operam
515 3389 695 3470 collocavit,
730 3390 772 3456 sit
806 3393 996 3474 auctoritas,
1029 3393 1100 3476 quis
1131 3396 1180 3458 est
1212 3393 1266 3474 qui

234 3533 405 3544 n—-—.

316 3609 343 3678 1)
361 3609 396 3665 or.
414 3609 485 3664 uua
502 3627 529 3678 p.
547 3610 589 3664 so.

318 3712 340 3780 ²)
359 3713 511 3770 Drosihnns
528 3730 554 3782 p.
574 3716 605 3767 ὅτ
626 3714 689 3784 „hat
712 3715 769 3770 sich
789 3716 983 3773 die‘l'radition
1001 3718 1179 3786 saogonnam,
1198 3717 1268 3772 idem

231 3813 257 3866 p.
277 3801 322 3852 lb:
343 3801 427 3870 „uach
444 3801 617 3868 allgemeiner
635 3799 797 3858 Tradition“.

318 3903 343 3974 ⁸)
361 3905 406 3958 Ex
423 3904 470 3959 illo
490 3899 614 3970 ἐκεῖνος,
637 3905 709 3973 quod
727 3907 827 3960 nomini
845 3907 965 3976 adiungit
981 3907 1130 3975 Lucienus,
1149 3906 1217 3960 nihil
1234 3907 1267 3962 de

231 3995 351 4058 tempore
372 3990 550 4058 colligendum
568 4006 639 4060 esse,
664 3993 722 4045 iure
747 3993 885 4048 contendit
908 3994 1060 4047 Drosihnns
1082 4008 1109 4060 p.
1132 3997 1162 4060 ὃς
1189 4009 1267 4062 quens

230 4073 327 4130 iniuria
344 4091 402 4130 eam
421 4077 456 4130 ob
474 4093 580 4132 eanmm
599 4075 772 4146 reprehendit
787 4077 934 4134 Jerranrins
951 4095 977 4147 p.
996 4078 1122 4132 XXXIX.
