3124 4870
740 315 951 374 ,86-

329 484 515 549 Plutarchus
531 483 569 548 do
584 484 656 550 fort.
673 484 763 548 Rom.
781 502 806 548 c.
822 489 853 565 4,
869 502 899 563 p.
917 487 990 561 318,
1006 501 1075 547 cum
1092 483 1166 546 dicit
1178 482 1363 562 Fortunam,

328 616 398 663 cum
421 597 554 661 Romam
586 597 794 676 pervenisset,
819 595 911 676 globo
941 595 1057 659 reiecto
1087 595 1241 660 ubertatis
1268 614 1366 661 cornu

328 710 508 790 sumpsisse.
554 709 672 773 Eodem
694 710 832 790 pertinet
854 709 881 774 is
903 709 999 787 locus,
1023 708 1076 788 qni
1100 714 1148 772 est
1163 708 1233 773 Dio.
1252 707 1364 792 Chrys.

329 842 372 888 or.
397 828 455 904 63,
482 842 512 904 p.
538 826 599 886 205
629 822 737 886 Dind.:
761 825 824 904 ἔχει
852 819 889 886 δὲ
917 813 957 886 οὐ
984 823 1092 897 κακῶς
1120 813 1200 886 οὐδὲ
1227 815 1267 884 τὰ
1296 823 1365 884 τῶν

328 937 479 999 παλαιῶν
507 937 685 1017 αἰνίγματα
711 932 786 1017 περὶ
813 927 982 1017 αὐτῆς·οί
1006 931 1067 1015 μὲν
1094 927 1158 1017 γὰρ
1186 931 1238 997 ἐπὶ
1261 933 1365 1016 ξυροῦ

329 1049 471 1128 ἔστησαν
499 1038 619 1128 αὐτήν,
648 1048 683 1110 ol
707 1044 744 1110 ol
770 1043 822 1110 ἐπὶ
849 1043 1040 1129 σφαίραςῑ),
1075 1047 1110 1109 oc‘
1136 1043 1173 1110 δὲ
1199 1041 1366 1126 πηδάλιον

329 1160 459 1224 ἔδωκαν
485 1169 638 1240 κρατεῖν
653 1160 688 1222 ol
715 1156 752 1223 δὲ
784 1151 824 1222 τὰ
853 1159 987 1239 κρείττω
1024 1159 1210 1241 γράφοντες
1235 1151 1273 1221 τὸ
1308 1160 1367 1240 τῆς

327 1262 522 1352 Ἀμαλθείας
544 1272 666 1335 ἔδοσαν
689 1267 785 1352 κέρας
806 1271 927 1352 πλῆρες
941 1265 997 1332 καλ
1011 1264 1119 1351 βρύον
1133 1280 1205 1346 ταῖς
1221 1263 1364 1351 utpote).

330 1382 444 1446 Omnia
467 1400 505 1447 ea
528 1383 634 1463 signa,
665 1382 777 1462 quibus
800 1383 834 1445 in
857 1380 977 1444 Tabula
1000 1381 1160 1444 Fortunae
1187 1381 1308 1445 indoles
1331 1399 1368 1444 ac

330 1500 446 1559 natura
458 1494 645 1574 illustratur,
659 1493 780 1557 invenis
792 1492 875 1574 apud
886 1492 1057 1556 Pacuvium
1070 1492 1163 1571 (rhet.
1175 1493 1213 1556 ad
1225 1493 1363 1558 Herenn.

333 1606 434 1684 11233
458 1605 495 1669 cl.
522 1605 662 1669 Ribbeck
678 1604 788 1685 tragic.
804 1605 909 1668 Latin.
926 1605 982 1668 rel.
999 1623 1028 1684 p.
1048 1609 1123 1682 1043
1147 1605 1198 1668 die
1213 1605 1367 1670 rb'mische

332 1719 424 1798 Trag.
449 1737 476 1798 p.
502 1718 591 1799 521):

333 1833 511 1898 Fortunam
534 1833 678 1898 insanam
702 1849 770 1896 esse
793 1836 826 1896 et
849 1848 973 1894 caecam
1002 1835 1034 1893 et
1056 1830 1180 1895 brutam
1203 1830 1370 1911 perhibent

1146 1943 1323 2025 philosophi

333 2059 477 2138 Sauoque
499 2058 618 2122 instare
641 2058 674 2122 in
697 2057 826 2138 globoso
848 2057 1033 2138 praedicant
1056 2054 1214 2120 volubilei.

332 2172 482 2264 Insanum
508 2175 613 2236 autern
644 2187 713 2234 esse
742 2170 844 2248 aiunt,
876 2170 950 2251 quia
978 2175 1084 2248 atrox,
1116 2169 1236 2232 incerta
1268 2168 1367 2232 insta-

1116 2281 1249 2363 bilisque
1272 2283 1324 2363 sit,

333 2396 465 2462 Caecum
488 2397 619 2462 obeam
642 2413 709 2459 rein
732 2413 800 2460 esse
822 2395 953 2474 iterant,
987 2395 1060 2474 quia
1088 2395 1132 2458 nil
1156 2401 1276 2474 cernat,
1307 2415 1368 2478 quo

1089 2525 1158 2572 sese
1180 2508 1325 2588 adplicet,

333 2623 475 2700 Brutam,
499 2621 572 2700 quia
595 2621 724 2700 dignum
747 2625 843 2699 atquo
865 2620 1028 2701 indignum
1052 2624 1188 2701 nequeat
1209 2620 1367 2684 internos-

1246 2751 1325 2798 cere.

422 2848 513 2912 Hunc
535 2849 637 2912 locum
652 2845 817 2925 Pacuvius,
842 2864 1029 2928 quamquam
1052 2847 1084 2909 in
1108 2863 1145 2908 ea
1167 2843 1273 2909 fabula
1296 2863 1370 2909 con-

336 2962 502 3027 scribenda
518 2959 700 3042 Sophoclem
713 2959 854 3023 imitatus
867 2976 934 3024 esse
945 2957 1080 3036 videtur,
1097 2957 1172 3039 quin
1188 2958 1298 3023 desim
1315 2957 1371 3021 ad-

336 3151 382 3204 sed
395 3151 461 3204 Sora
477 3150 552 3203 varia
562 3157 589 3203 et
600 3151 753 3204 inconstans
766 3147 887 3216 bonaque
906 3155 1018 3202 externa
1029 3146 1108 3200 modo
1121 3145 1282 3200 distribuens
1294 3145 1372 3200 modo

336 3237 457 3304 eripiens.
494 3235 545 3288 His
564 3236 631 3288 enim
656 3251 715 3290 ourn
740 3249 768 3289 oe
793 3234 929 3288 immotum
954 3234 1022 3288 aciat
1040 3233 1173 3300 Diogenes
1192 3233 1327 3285 Fortunae
1344 3246 1373 3286 se

335 3330 415 3389 negat
432 3321 565 3376 subditum
583 3338 647 3377 esse.

423 3407 446 3476 1)
464 3409 502 3463 Of.
523 3409 589 3464 Tab.
603 3413 653 3478 7,1.
689 3409 757 3464 Cum
771 3408 836 3462 Tab.
850 3411 942 3476 7‚2et
961 3406 1085 3475 31,5cf.
1103 3408 1162 3460 Dio.
1182 3422 1220 3460 or.
1232 3409 1266 3460 64
1284 3422 1309 3473 p.
1323 3407 1374 3458 214

336 3496 432 3550 Dind.:
452 3493 512 3548 εἶτα
533 3489 563 3548 ἐν
581 3492 660 3564 μέρει
677 3488 786 3548 τούτων
804 3489 857 3562 μὲν
876 3484 1019 3562 ἀφείλετο,
1039 3485 1134 3554 ἄλλοις
1152 3489 1183 3544 ol
1204 3488 1301 3546 ἔδωκε.

427 3579 447 3650 ²)
467 3581 682 3637 Gubernaculnm
700 3581 767 3635 illud
786 3582 924 3635 Fortunae
942 3580 973 3634 de
991 3595 1022 3634 eo
1041 3580 1100 3634 loco
1118 3578 1251 3645 admonet,
1271 3577 1316 3645 qui
1333 3585 1376 3632 est

338 3669 432 3724 Aesch.
457 3670 541 3736 Agam
564 3671 624 3722 664.
674 3661 752 3736 Τύχη
776 3665 807 3721 δὲ
831 3657 1015 3719 νανστολοῢσ’
1036 3659 1168 3734 ἐφέζετο,
1196 3656 1232 3726 ὡς
1255 3655 1317 3732 μήτ’
1344 3657 1375 3716 ἐν

338 3747 415 3828 ὅρμῳ
427 3749 553 3823 κύματος
566 3748 652 3823 ζάλην
666 3749 750 3823 ἔχειν,
769 3745 831 3822 μήτ’
845 3747 988 3820 ἐξοκεῖλαι
999 3745 1070 3820 πρὸς
1082 3751 1255 3819 κραταίλεων
1273 3742 1376 3817 χθόνα.

339 3841 379 3896 Of.
398 3841 459 3896 Dio.
478 3842 540 3898 Ohr.
559 3857 597 3895 or.
616 3844 650 3896 64
668 3858 695 3910 p.
713 3844 764 3897 207
783 3840 863 3895 Dino.
882 3841 1018 3894 δοκοῦσιν
1038 3837 1069 3891 ol
1084 3843 1207 3906 τεχνῖται
1225 3837 1263 3907 τῷ
1279 3829 1375 3908 τρόπῳ

339 3928 389 3994 τῆς
405 3928 582 3995 κατασκευῆς
599 3921 651 3996 τὴν
669 3921 792 3996 δύναμιν
805 3918 894 3994 αὐτῆς
906 3919 1236 3993 coaptantem-apaan
1253 3919 1305 3992 plo
1323 3915 1377 3991 γὰρ

340 4009 456 4082 ἕστηκεν
475 4008 572 4084 ἑτοίμη
590 4009 661 4083 πρὸς
684 4008 720 4068 τὰ
740 4010 821 4084 ἔργα,
847 4009 908 4066 εἶτα
934 4005 965 4064 ἐν
989 4011 1021 4082 τῇ
1048 4011 1127 4087 δεξιᾷ
1146 4009 1217 4080 χειρὶ
1235 4003 1377 4079 πηδάλιον

339 4097 452 4170 κατέχει
469 4100 526 4172 καλ,
545 4093 581 4165 ὥς
600 4092 636 4156 ίιν
655 4102 731 4156 εἴκοι
748 4119 798 4171 τις,
817 4099 1002 4153 ναυτίλλεται.
