3124 4870
730 349 964 408 —100-

416 515 475 582 His
497 516 716 597 allegoriarum
738 521 770 581 et
785 518 1080 599 prosopopoeiarum
1104 515 1253 597 exemplis
1276 514 1385 608 adde,

330 629 413 712 quod
435 629 502 709 ipse
525 629 585 693 Dio
610 647 654 692 or.
674 635 694 693 4
717 649 746 710 p.
765 634 804 694 79
828 631 867 695 de
887 629 1064 694 studiosae
1087 628 1240 707 imagines
1263 627 1368 691 verbis

328 741 587 822 repraesentandi
609 739 789 805 confitetur:
814 739 894 824 φέρε
917 728 995 821 οὖν,
1018 736 1171 819 καθάπερ
1192 741 1228 803 ot
1243 735 1367 818 κομψοὶ

329 855 397 916 τῶν
413 854 631 935 δημιουργῶν
647 850 699 917 ἐπὶ
714 848 822 917 πάντα
837 854 984 936 ἔμβραχυ
1007 851 1149 935 φέρουσι
1171 843 1233 934 τὴν
1256 842 1368 915 αὑτῶν

329 963 482 1028 ἐπίνοιαν
504 961 559 1027 καὶ
581 961 717 1046 τέχνην,
746 957 787 1027 οὐ
815 959 923 1046 μόνον
950 957 1008 1039 τὰς
1033 965 1103 1027 τῶν
1130 965 1223 1026 θεῶν
1249 954 1368 1042 ἀπομι-

328 1071 491 1157 μούμενοι
519 1071 636 1158 φύσεις
663 1068 892 1158 ἀνθρωπίνοις
923 1078 1061 1155 εἴδεσιν,
1096 1067 1178 1139 ἀλλά
1210 1071 1265 1138 καὶ
1299 1075 1368 1137 τῶν

329 1180 438 1250 ἀλλων
468 1180 628 1251 ἕκαστον.
644 1179 812 1251 ..οὐκοῦν
845 1184 901 1250 καὶ
930 1178 1020 1270 ἡμεῖς
1047 1180 1090 1269 μὴ
1123 1189 1253 1269 χείρους
1283 1181 1369 1266 μηδὲ

329 1294 529 1382 φαυλότεροι
550 1295 625 1379 περὶ
645 1290 725 1373 τούς
740 1293 862 1380 λόγους
885 1300 1046 1381 φανῶμεν
1060 1292 1143 1382 ἥπερ
1158 1297 1278 1362 ἐκείνοι
1293 1293 1368 1378 περὶ

328 1402 386 1485 τάς
409 1401 522 1474 αὐτῶν
544 1407 659 1492 τέχνας
680 1411 726 1496 τῷ
750 1406 905 1474 πλάττειν
928 1408 983 1474 καὶ
998 1403 1229 1493 ἀφομοιοῦν..
1244 1461 1251 1473 .
1265 1400 1368 1473 οὐδὲν

328 1515 393 1605 γὰρ
415 1515 570 1604 ἀσχημον.
589 1513 669 1585 οὐδὲ
696 1513 879 1603 νεμεσητὸν
901 1518 957 1585 καὶ
979 1533 1131 1603 ποιηταῖς
1158 1523 1367 1603 παραβαλλο-

328 1631 449 1717 μένους
467 1631 523 1697 καὶ
546 1630 765 1716 χειροτέχναις
786 1630 842 1697 καὶ
863 1639 1046 1715 καθαρταῖς
1069 1625 1225 1715 ὁρᾶσθαι,
1248 1634 1279 1697 εί
1294 1631 1366 1696 δέοι

328 1740 1365 1829 σπεύδεινπανταχόθευεἰκόναςκαὶπαραδείγματαπορίζουτας,

330 1852 373 1922 ἀν
387 1879 455 1934 πως
471 1852 659 1940 ἰσχύσωμεν
675 1850 859 1938 ἀποτρέψαι
874 1860 989 1932 κακίας
1003 1855 1059 1922 καὶ
1074 1851 1220 1940 ἀπάτης.
1236 1909 1241 1921 .
1256 1877 1279 1921 .:
1303 1857 1366 1921 iam

329 1987 423 2052 quam
446 1976 515 2034 arta
538 1970 592 2034 ille
614 1971 647 2033 in
669 1970 727 2034 hac
742 1988 776 2033 re
792 1988 861 2034 cum
877 1968 994 2034 Cebete
1015 1973 1171 2052 iungatur,
1181 1971 1367 2052 cognatione

329 2090 361 2146 et
375 2101 470 2163 quam
486 2088 581 2161 recte,
598 2082 635 2145 de
647 2081 768 2146 Tabula
779 2083 833 2146 ubi
848 2084 992 2163 quaestio
1008 2083 1196 2162 instituitur,
1212 2083 1251 2145 de
1266 2082 1368 2146 Dione

329 2200 504 2272 moneatur,
527 2194 706 2276 perspicies.
743 2195 920 2260 Gronovius
943 2195 1069 2277 quidem
1091 2193 1247 2259 Tabulam
1274 2194 1367 2258 Dioni

329 2304 551 2386 chrysostomo
574 2313 648 2370 ante
672 2309 777 2372 oculos
799 2307 897 2372 fuisse
920 2309 1096 2387 suspicatus
1119 2311 1182 2384 est,
1205 2323 1307 2385 neque
1328 2306 1367 2370 de

328 2419 379 2496 iis,
403 2435 483 2499 quae
506 2437 601 2499 supra
624 2421 662 2484 de
679 2421 843 2500 utriusque
857 2419 1034 2484 imitatione
1050 2419 1220 2483 Prodiceae
1243 2418 1368 2483 fabulae
1475 2481 1488 2496 ,

329 2531 568 2612 disputavimus,
592 2533 619 2596 si
642 2532 756 2613 cogito,
780 2532 874 2598 aliter
897 2531 1100 2597 statuendum
1121 2548 1190 2596 esse
1205 2531 1283 2594 mihi
1297 2549 1368 2611 per-

330 2642 456 2706 suadeo.
502 2644 592 2722 Quod
621 2644 705 2708 enim
737 2643 947 2723 Drosihnus¹)
978 2648 1048 2725 post
1078 2642 1209 2705 Dionem
1243 2642 1368 2707 Pinacis

254 2739 260 2746 ’
330 2759 489 2819 auctorem
518 2755 614 2820 fuisse
638 2756 807 2835 existimat,
832 2753 909 2820 haec
933 2755 1090 2819 sententia
1117 2773 1179 2835 quo
1202 2752 1367 2818 confirma-

328 2872 415 2932 retur
447 2887 555 2933 omnes
579 2867 689 2931 Dionis
720 2869 878 2933 orationes
906 2885 1090 2947 percurrens
1120 2867 1240 2930 nullum
1262 2867 1367 2930 inveni

330 2987 560 3061 argumentum.
605 2980 686 3044 Nam
720 2999 781 3060 qua
810 2997 845 3042 re
876 2980 916 3043 ob
945 2997 1030 3059 eam,
1063 2997 1144 3059 quae
1173 2979 1206 3042 in
1236 2979 1367 3059 duplicis

331 3101 504 3110 ψ

332 3150 371 3203 sic
390 3149 461 3217 apud
480 3149 593 3203 Dionem
607 3148 717 3204 Herculi
735 3149 906 3215 aMercurio,
924 3149 986 3217 quid
1004 3148 1065 3201 illae
1078 3147 1200 3202 mulieres
1211 3148 1368 3218 significent,

329 3235 492 3303 explicatur,
517 3250 582 3303 non,
607 3242 637 3287 ut
662 3234 735 3302 apud
753 3234 970 3302 Xenophontem,
997 3232 1127 3288 Hercules
1152 3248 1211 3287 cum
1229 3233 1294 3301 ipsis
1312 3234 1367 3288 illis

332 3320 437 3374 feminis
449 3321 605 3389 colloquens
618 3321 764 3389 inducitur;
782 3336 836 3388 quo
849 3319 888 3389 fit,
907 3326 936 3372 ut
948 3319 1201 3385 interrogationibus
1214 3326 1240 3373 et
1257 3335 1366 3388 respon·

329 3405 449 3461 sionibus
473 3406 669 3461 alternantibus
694 3408 788 3461 Dionis
813 3407 865 3460 loci
885 3407 993 3475 quidam
1011 3405 1132 3459 Tabulae
1150 3405 1204 3459 sint
1228 3405 1367 3473 simillimi;

329 3492 355 3545 id
373 3493 444 3560 quod
464 3494 576 3548 maxime
594 3494 627 3548 de
645 3510 677 3548 eo
694 3494 753 3549 loco
772 3494 851 3562 valet,
869 3495 914 3562 qui
933 3502 972 3548 est
990 3510 1016 3561 p.
1031 3495 1072 3559 16,
1092 3496 1124 3546 10
1133 3508 1172 3561 sq.
1192 3492 1369 3559 (ci.Tab.10,

330 3583 415 3648 isa).
451 3581 502 3636 Sed
519 3582 570 3637 hoc
587 3598 639 3637 non
658 3583 762 3638 Cebetis
781 3582 943 3649 imitatione,
966 3582 1011 3636 sed
1029 3582 1088 3650 ipsa
1111 3580 1231 3648 imaginis
1248 3595 1264 3633 a
1281 3578 1368 3632 Dione

331 3668 435 3736 positae
451 3669 644 3736 compositione
662 3669 726 3722 mihi
738 3669 843 3722 ridetur
856 3667 978 3722 effectum
998 3682 1068 3732 esse;
1088 3666 1185 3721 etenim
1197 3665 1268 3734 apud
1280 3665 1368 3718 Xeno·

331 3753 459 3820 phontem
477 3754 541 3807 illae
559 3753 683 3808 mulieres
696 3754 807 3809 Herculi
825 3752 895 3807 ultro
914 3769 942 3807 se
961 3751 1102 3806 offerentes
1119 3751 1202 3820 ipsae,
1219 3766 1288 3819 quae
1307 3751 1368 3816 sint,

331 3839 465 3906 explicare
483 3849 602 3908 possunt.
639 3841 718 3908 Apud
737 3841 851 3894 Dionem
868 3855 937 3893 ⁴curn
961 3839 1024 3892 illae
1049 3838 1076 3891 in
1103 3839 1211 3892 summis
1236 3836 1368 3891 montibus

331 3925 384 3979 sint
401 3925 554 3996 collocatae,
573 3928 627 3981 clia
644 3927 713 3982 ratio
732 3926 930 3995 interpretandi
956 3940 1008 3978 non
1027 3931 1099 3992 erat,
1124 3939 1205 3993 quam
1223 3933 1253 3978 ut
1271 3937 1367 3978 noram

332 4029 471 4079 personam
491 4015 540 4068 Dio
558 4014 700 4083 induceret,
720 4031 787 4084 quae
805 4014 870 4067 illud
890 4012 1025 4080 negotium
1042 4011 1151 4066 subiret.

418 4117 439 4188 ¹)
460 4119 493 4172 cf.
511 4118 553 4172 die
570 4119 630 4173 Zeit
648 4119 695 4174 des
714 4119 807 4183 Πίναξ
826 4113 894 4188 nep.
915 4133 940 4185 p.
962 4119 1005 4184 14;
1030 4093 1098 4170 οάἰί.Ι
1111 4115 1176 4169 Tab.
1195 4114 1279 4183 praei.
1298 4131 1324 4182 p.
1343 4116 1368 4168 3.
