3132 4874
633 327 848 390 ..11-

224 494 283 571 Qui
314 494 449 560 aderant
472 513 579 560 omnes
607 500 698 561 erant
720 498 868 562 instructi
895 499 1073 579 praecipuis
1096 497 1259 579 doctrinis,

225 623 303 685 quas
332 608 488 688 ingenuas
511 607 694 688 disciplinas
725 609 897 690 appellavit
919 615 1102 689 propterea,
1134 611 1260 691 quoda

110 719 122 738 “
226 719 331 797 pumis
355 725 443 784 aetas
466 718 521 783 illa
543 720 583 784 iis
605 719 701 785 veluti
721 721 884 801 principiis
906 720 1030 785 altioris
1045 720 1207 786 doctrinae
1228 729 1260 787 et

224 837 375 910 tanquam
392 830 544 910 gradibus
567 831 776 912 imbuebatur,
792 832 996 912 geometrica,
1012 833 1142 911 musica,
1159 832 1259 897 arith-

224 943 352 1022 metica,
382 944 586 1009 astronomia.
634 945 679 1008 De
707 945 822 1025 quibus
846 943 944 1010 Cebes
971 945 1203 1025 pronuntiavit:
1233 944 1260 1007 si

224 1055 349 1136 quidem
365 1055 582 1137 philosophiae
605 1073 701 1121 causa
716 1058 888 1135 discantur,
912 1061 948 1122 nt
962 1074 1019 1137 per
1041 1073 1094 1118 eas
1109 1060 1260 1138 tanquam

223 1167 373 1246 gradihus
397 1167 437 1231 ad
466 1185 622 1233 summum
651 1169 772 1234 culmen
799 1169 1018 1250 philosophiae
1047 1168 1260 1250 perveniatur,

223 1297 338 1359 operae
360 1281 496 1359 pretium
518 1278 601 1359 iore,
631 1282 658 1344 si
687 1280 755 1345 sine
776 1280 990 1363 philosophia,
1018 1281 1131 1361 plenae
1153 1285 1260 1345 tamen

224 1391 392 1470 dignitatis
404 1409 474 1456 esse
485 1390 736 1471 fundamentum,
752 1390 957 1473 imperfectae
971 1392 1046 1456 licet
1060 1392 1259 1456 eruditionis

309 1501 483 1566 Praeterea
495 1501 592 1568 Gehes
605 1503 762 1584 allegatur
774 1504 857 1583 apud
869 1503 1260 1568 Polluc.onom.11195:

225 1606 398 1696 supparis
413 1663 420 1677 .
438 1663 468 1676 ..
494 1608 582 1696 παρὰ
607 1613 643 1680 δὲ
666 1613 791 1698 Κέβητι
813 1613 868 1679 καὶ
890 1610 1092 1698 καθηγητής.
1138 1616 1175 1678 ln
1199 1615 1259 1678 Ta-

224 1724 297 1789 bula
321 1726 379 1790 hoo
401 1726 587 1791 vocabulum
612 1745 673 1792 non
697 1727 878 1807 occurrit¹).

311 1838 438 1901 Nullum
467 1839 565 1917 igitur
588 1845 693 1903 exstat
716 1840 918 1920 antiquorum
941 1839 1172 1917 testimonium,
1199 1855 1261 1919 quo

223 1969 262 2013 ea
289 1948 426 2028 Tabula,
457 1969 538 2031 quae
568 1951 608 2015 ad
639 1956 780 2015 nostram
811 1957 950 2017 aetatem
973 1952 1160 2033 permansit,
1183 1950 1262 2031 ipsis

224 2062 328 2126 verbis
362 2061 520 2127 Socratico
549 2062 658 2128 Cebeti
680 2062 849 2129 tribuatur.
903 2063 1030 2128 Pinaois
1059 2062 1137 2126 illud
1168 2079 1249 2140 argu

223 2179 380 2251 mentum,
413 2175 494 2256 quod
518 2175 694 2240 invenimus
724 2174 806 2254 apud
829 2174 972 2253 Suidam,
1000 2176 1078 2239 adeo
1102 2192 1166 2239 non
1189 2190 1262 2237 con-

223 2287 311 2349 venit
333 2304 403 2350 cnm
426 2304 478 2366 co,
506 2287 629 2367 dequo
652 2286 790 2366 agimus,
819 2287 913 2364 libro,
942 2293 977 2351 ut
1000 2288 1062 2351 nisi
1085 2287 1124 2350 de
1146 2286 1262 2352 ceteris

224 2397 363 2462 eiusdem
383 2400 520 2463 auctoris
538 2398 697 2464 erroribus
713 2400 912 2479 cogitaveris
930 2399 981 2463 vix
997 2399 1056 2464 tibi
1072 2397 1262 2479 persuadeas

225 2510 264 2574 ad
287 2510 345 2575 hoo
368 2529 446 2591 opus
470 2511 501 2573 id
512 2494 692 2591 pertinere.
730 2511 807 2575 Vult
829 2512 912 2574 enim
930 2511 1043 2576 Suidas
1067 2516 1135 2576 toto
1157 2510 1262 2576 libello

224 2624 380 2688 contineri
405 2622 648 2704 descriptionem
671 2641 793 2702 eornm,
818 2641 898 2705 quae
921 2623 1005 2704 apud
1028 2621 1146 2688 inferos
1168 2621 1261 2700 fiant;

224 2736 314 2815 quasi
338 2752 412 2799 vero
435 2753 498 2799 non
522 2736 554 2798 in
577 2736 647 2816 ipsa
669 2736 730 2799 hac
752 2736 818 2800 vita
841 2735 988 2800 eveniant
1010 2754 1062 2814 ea,
1087 2734 1124 2799 de
1147 2735 1261 2815 quihus

225 2848 339 2926 agitur.
386 2846 477 2926 Quod
499 2864 575 2913 vero
597 2848 638 2912 ad
660 2848 826 2914 introitum
851 2849 934 2913 vitae
956 2883 1000 2892 -
1022 2847 1060 2912 de
1084 2846 1166 2912 Orco
1189 2863 1262 2910 nus-

223 2977 317 3040 quam
342 2959 456 3025 dicitur
480 2995 522 3004 -
546 2967 635 3025 stans
658 2978 773 3024 numen
795 2960 936 3025 divinum
959 2960 998 3024 de
1026 2963 1115 3024 recta
1138 2957 1261 3023 vivendi

225 3073 348 3137 rationo
371 3068 411 3136 iis
430 3074 593 3154 praecipit,
616 3073 670 3155 qui
694 3073 855 3138 introituri
878 3077 952 3137 sunt
968 3072 999 3136 in
1016 3072 1115 3135 vitam
1129 3070 1261 3135 necdum

183 3249 189 3256 ,
225 3185 256 3247 in
280 3201 318 3248 ea
341 3190 508 3249 versantur
531 3183 622 3262 (Tab.
647 3190 680 3264 4,
705 3185 753 3262 3),
776 3185 847 3264 quis
870 3183 930 3249 hoc
951 3188 1091 3264 premat,
1119 3183 1147 3248 si
1170 3183 1263 3247 modo

226 3295 323 3358 totins
355 3294 428 3360 libri
462 3297 529 3360 vult
562 3295 825 3376 comprehendere
859 3296 1102 3376 argumentum?
1159 3295 1262 3377 Atque

225 3405 367 3484 luerunt,
403 3409 456 3488 qui
491 3412 600 3473 tantas
634 3408 680 3471 illi
715 3408 873 3488 imputare
907 3408 1044 3489 ineptias
1078 3408 1172 3473 veriti
1205 3425 1262 3489 pro

225 3521 292 3584 ἔστι
313 3515 350 3584 dl
368 3554 408 3564 -
427 3522 474 3583 ἔτι
491 3516 528 3584 al
543 3520 741 3586 scribendum
761 3522 952 3600 conicerent,
975 3537 1090 3585 nouum
1105 3520 1262 3602 quoddam

225 3650 302 3713 opus
325 3630 497 3711 significari
521 3633 678 3698 arbitrati.
717 3632 797 3696 Eam
821 3635 854 3698 in
877 3634 1065 3698 sententiam
1083 3633 1263 3712 disputave-

225 3751 300 3810 runt
317 3744 452 3823 Volsius,
468 3742 638 3823 Stanleius,
652 3744 827 3824 Menagius.
862 3746 1017 3829 Equidem
1033 3747 1138 3810 malim
1154 3763 1262 3809 assen-

313 3921 337 3988 ²)
356 3921 431 3990 quiae
460 3922 591 3977 Stobaeus
616 3937 649 3975 ex
674 3922 779 3977 Cebetis
805 3939 887 3992 opere
913 3921 1085 3992 transcripsit
1110 3921 1158 3988 (oi.
1183 3923 1262 3978 Phot.

224 4007 288 4084 bibl.
307 4009 365 4062 rod.
384 4009 511 4063 onxvn
533 4009 560 4062 in
578 4008 663 4063 indice
681 4017 835 4080 anctorum,
858 4011 956 4080 quihus
973 4009 1105 4066 Stobacus
1123 4025 1186 4066 usus
1205 4015 1263 4084 eat),

223 4110 296 4164 pens.
304 4103 369 4154 ἾῑΠῖ.
