<?xml version="1.0" encoding="UTF-8"?>
<!DOCTYPE html PUBLIC "-//W3C//DTD XHTML 1.0 Transitional//EN"
    "http://www.w3.org/TR/xhtml1/DTD/xhtml1-transitional.dtd">
<html xmlns="http://www.w3.org/1999/xhtml" xml:lang="en" lang="en">
 <head>
  <title>
</title>
<meta http-equiv="Content-Type" content="text/html;charset=utf-8" />
  <meta name='ocr-system' content='tesseract 3.04.00' />
  <meta name='ocr-capabilities' content='ocr_page ocr_carea ocr_par ocr_line ocrx_word'/>
</head>
<body>
  <div class='ocr_page' id='page_1' title='image "./cebetistabulaqu00praegoog_0078.png"; bbox 0 0 3124 4870; ppageno 0'>
   <div class='ocr_carea' id='block_1_1' title="bbox 591 367 805 426">
    <p class='ocr_par' dir='ltr' id='par_1_1' title="bbox 591 367 805 426">
     <span class='ocr_line' id='line_1_1' title="bbox 591 367 805 426; baseline -0.019 -18"><span class='ocrx_word' id='word_1_1' title='bbox 591 367 805 426; x_wconf 78' lang='lat'>..67-</span> 
     </span>
    </p>
   </div>
   <div class='ocr_carea' id='block_1_2' title="bbox 183 535 1224 2419">
    <p class='ocr_par' dir='ltr' id='par_1_2' title="bbox 183 535 1224 2419">
     <span class='ocr_line' id='line_1_2' title="bbox 183 535 1218 618; baseline 0.001 -18"><span class='ocrx_word' id='word_1_2' title='bbox 183 537 258 600; x_wconf 89' lang='lat' dir='ltr'>tiam</span> <span class='ocrx_word' id='word_1_3' title='bbox 290 540 390 616; x_wconf 89' lang='lat' dir='ltr'>tenet,</span> <span class='ocrx_word' id='word_1_4' title='bbox 423 536 625 618; x_wconf 85' lang='lat' dir='ltr'>opinionibus</span> <span class='ocrx_word' id='word_1_5' title='bbox 655 536 735 600; x_wconf 92' lang='lat' dir='ltr'>liber</span> <span class='ocrx_word' id='word_1_6' title='bbox 763 541 821 601; x_wconf 92' lang='lat' dir='ltr'>est.</span> <span class='ocrx_word' id='word_1_7' title='bbox 867 536 953 600; x_wconf 91' lang='lat' dir='ltr'>Haec</span> <span class='ocrx_word' id='word_1_8' title='bbox 980 537 1086 600; x_wconf 87' lang='lat' dir='ltr'>autom</span> <span class='ocrx_word' id='word_1_9' title='bbox 1108 535 1218 601; x_wconf 86' lang='lat' dir='ltr'>eadem</span> 
     </span>
     <span class='ocr_line' id='line_1_3' title="bbox 184 649 1218 732; baseline 0.003 -20"><span class='ocrx_word' id='word_1_10' title='bbox 184 649 369 714; x_wconf 81' lang='lat' dir='ltr'><strong>statuebant</strong></span> <span class='ocrx_word' id='word_1_11' title='bbox 385 649 490 730; x_wconf 85' lang='lat' dir='ltr'>Stoici,</span> <span class='ocrx_word' id='word_1_12' title='bbox 515 651 568 732; x_wconf 94' lang='lat' dir='ltr'>qui</span> <span class='ocrx_word' id='word_1_13' title='bbox 589 668 658 715; x_wconf 90' lang='lat' dir='ltr'>oum</span> <span class='ocrx_word' id='word_1_14' title='bbox 680 669 721 714; x_wconf 91' lang='lat' dir='ltr'>ne</span> <span class='ocrx_word' id='word_1_15' title='bbox 736 650 797 730; x_wconf 90' lang='lat' dir='ltr'>ipsi</span> <span class='ocrx_word' id='word_1_16' title='bbox 813 650 938 731; x_wconf 91' lang='lat' dir='ltr'>quidem</span> <span class='ocrx_word' id='word_1_17' title='bbox 960 655 1112 731; x_wconf 86' lang='lat' dir='ltr'><strong>negarent</strong></span> <span class='ocrx_word' id='word_1_18' title='bbox 1126 669 1218 715; x_wconf 87' lang='lat' dir='ltr'>voras</span> 
     </span>
     <span class='ocr_line' id='line_1_4' title="bbox 183 763 1218 843; baseline 0.002 -18"><span class='ocrx_word' id='word_1_19' title='bbox 183 763 346 842; x_wconf 85' lang='lat' dir='ltr'>opiniones</span> <span class='ocrx_word' id='word_1_20' title='bbox 364 763 475 842; x_wconf 85' lang='lat' dir='ltr'>esse¹),</span> <span class='ocrx_word' id='word_1_21' title='bbox 500 767 605 828; x_wconf 93' lang='lat' dir='ltr'>tamen</span> <span class='ocrx_word' id='word_1_22' title='bbox 622 763 796 843; x_wconf 85' lang='lat' dir='ltr'>sapientem</span> <span class='ocrx_word' id='word_1_23' title='bbox 812 763 850 827; x_wconf 92' lang='lat' dir='ltr'>de</span> <span class='ocrx_word' id='word_1_24' title='bbox 867 763 1010 827; x_wconf 90' lang='lat' dir='ltr'>omnibus</span> <span class='ocrx_word' id='word_1_25' title='bbox 1025 764 1119 827; x_wconf 90' lang='lat' dir='ltr'>rebus</span> <span class='ocrx_word' id='word_1_26' title='bbox 1134 763 1218 827; x_wconf 76' lang='lat' dir='ltr'>vole</span> 
     </span>
     <span class='ocr_line' id='line_1_5' title="bbox 183 874 1218 956; baseline 0.001 -18"><span class='ocrx_word' id='word_1_27' title='bbox 183 874 261 940; x_wconf 89' lang='lat' dir='ltr'>bant</span> <span class='ocrx_word' id='word_1_28' title='bbox 296 875 390 955; x_wconf 88' lang='lat' dir='ltr'>scire,</span> <span class='ocrx_word' id='word_1_29' title='bbox 426 875 465 938; x_wconf 88' lang='lat' dir='ltr'>de</span> <span class='ocrx_word' id='word_1_30' title='bbox 502 877 589 939; x_wconf 90' lang='lat' dir='ltr'>nulla</span> <span class='ocrx_word' id='word_1_31' title='bbox 625 875 762 956; x_wconf 91' lang='lat' dir='ltr'>opinari,</span> <span class='ocrx_word' id='word_1_32' title='bbox 794 874 1055 956; x_wconf 85' lang='lat' dir='ltr'>opinionibusque</span> <span class='ocrx_word' id='word_1_33' title='bbox 1091 875 1218 939; x_wconf 91' lang='lat' dir='ltr'>omnino</span> 
     </span>
     <span class='ocr_line' id='line_1_6' title="bbox 184 982 1219 1076; baseline -0.001 -25"><span class='ocrx_word' id='word_1_34' title='bbox 184 1004 300 1051; x_wconf 85' lang='lat' dir='ltr'>carere.</span> <span class='ocrx_word' id='word_1_35' title='bbox 348 985 394 1052; x_wconf 84' lang='lat' dir='ltr'>Oi.</span> <span class='ocrx_word' id='word_1_36' title='bbox 420 987 511 1068; x_wconf 85' lang='lat' dir='ltr'>Diog.</span> <span class='ocrx_word' id='word_1_37' title='bbox 535 987 641 1052; x_wconf 87' lang='lat' dir='ltr'>Laert.</span> <span class='ocrx_word' id='word_1_38' title='bbox 667 987 727 1050; x_wconf 93' lang='lat' dir='ltr'>Vll</span> <span class='ocrx_word' id='word_1_39' title='bbox 753 992 828 1052; x_wconf 84' lang='lat'>162:</span> <span class='ocrx_word' id='word_1_40' title='bbox 856 990 984 1076; x_wconf 77' lang='grc' dir='ltr'>σταιιιῷ</span> <span class='ocrx_word' id='word_1_41' title='bbox 1009 982 1150 1070; x_wconf 77' lang='grc' dir='ltr'><em>δόγματι</em></span> <span class='ocrx_word' id='word_1_42' title='bbox 1172 989 1219 1074; x_wconf 79' lang='grc' dir='ltr'>τῷ</span> 
     </span>
     <span class='ocr_line' id='line_1_7' title="bbox 186 1091 1218 1181; baseline 0.002 -19"><span class='ocrx_word' id='word_1_43' title='bbox 186 1091 246 1162; x_wconf 85' lang='grc' dir='ltr'>τὸν</span> <span class='ocrx_word' id='word_1_44' title='bbox 270 1092 380 1181; x_wconf 85' lang='grc' dir='ltr'><strong><em>σοφὸν</em></strong></span> <span class='ocrx_word' id='word_1_45' title='bbox 403 1091 589 1177; x_wconf 74' lang='grc' dir='ltr'><strong><em>ἀδόξαστον</em></strong></span> <span class='ocrx_word' id='word_1_46' title='bbox 613 1094 707 1164; x_wconf 82' lang='grc' dir='ltr'><em>εἶναι.</em></span> <span class='ocrx_word' id='word_1_47' title='bbox 748 1098 835 1164; x_wconf 90' lang='lat' dir='ltr'>Stob.</span> <span class='ocrx_word' id='word_1_48' title='bbox 852 1100 909 1163; x_wconf 85' lang='lat' dir='ltr'>eol.</span> <span class='ocrx_word' id='word_1_49' title='bbox 929 1101 992 1164; x_wconf 87' lang='lat' dir='ltr'>eth.</span> <span class='ocrx_word' id='word_1_50' title='bbox 1015 1119 1044 1181; x_wconf 89' lang='lat' dir='ltr'>p.</span> <span class='ocrx_word' id='word_1_51' title='bbox 1062 1106 1103 1165; x_wconf 84' lang='lat'>64</span> <span class='ocrx_word' id='word_1_52' title='bbox 1119 1100 1218 1164; x_wconf 85' lang='lat' dir='ltr'>Mein:</span> 
     </span>
     <span class='ocr_line' id='line_1_8' title="bbox 186 1203 1221 1294; baseline 0.002 -20"><span class='ocrx_word' id='word_1_53' title='bbox 186 1213 309 1286; x_wconf 74' lang='grc' dir='ltr'><strong><em>ψεῦδος</em></strong></span> <span class='ocrx_word' id='word_1_54' title='bbox 325 1204 353 1275; x_wconf 91' lang='grc' dir='ltr'>δ’</span> <span class='ocrx_word' id='word_1_55' title='bbox 371 1203 622 1294; x_wconf 76' lang='grc' dir='ltr'><em>ὑπολαμβάνειν</em></span> <span class='ocrx_word' id='word_1_56' title='bbox 642 1205 803 1277; x_wconf 76' lang='grc' dir='ltr'><strong><em>οὐδέποτέ</em></strong></span> <span class='ocrx_word' id='word_1_57' title='bbox 820 1228 903 1294; x_wconf 85' lang='grc' dir='ltr'><strong><em>φασι</em></strong></span> <span class='ocrx_word' id='word_1_58' title='bbox 926 1203 986 1276; x_wconf 85' lang='grc' dir='ltr'>τὸν</span> <span class='ocrx_word' id='word_1_59' title='bbox 1010 1205 1116 1288; x_wconf 81' lang='grc' dir='ltr'><strong><em>σοφὸν</em></strong></span> <span class='ocrx_word' id='word_1_60' title='bbox 1140 1204 1221 1276; x_wconf 79' lang='grc' dir='ltr'><strong><em>οὐδὲ</em></strong></span> 
     </span>
     <span class='ocr_line' id='line_1_9' title="bbox 184 1315 1220 1411; baseline 0.002 -25"><span class='ocrx_word' id='word_1_61' title='bbox 184 1317 221 1387; x_wconf 88' lang='grc' dir='ltr'>τὸ</span> <span class='ocrx_word' id='word_1_62' title='bbox 250 1319 406 1405; x_wconf 78' lang='grc' dir='ltr'><strong><em>παράπαν</em></strong></span> <span class='ocrx_word' id='word_1_63' title='bbox 435 1315 651 1411; x_wconf 76' lang='grc' dir='ltr'><strong><em>ἀκαταλήπτῳ</em></strong></span> <span class='ocrx_word' id='word_1_64' title='bbox 677 1321 745 1388; x_wconf 82' lang='grc' dir='ltr'>τινὶ</span> <span class='ocrx_word' id='word_1_65' title='bbox 772 1327 1076 1406; x_wconf 71' lang='grc' dir='ltr'><strong><em>συγκατατίθεσθαι</em></strong></span> <span class='ocrx_word' id='word_1_66' title='bbox 1103 1317 1160 1388; x_wconf 83' lang='grc' dir='ltr'>διὰ</span> <span class='ocrx_word' id='word_1_67' title='bbox 1182 1318 1220 1388; x_wconf 88' lang='grc' dir='ltr'>τὸ</span> 
     </span>
     <span class='ocr_line' id='line_1_10' title="bbox 185 1427 1221 1519; baseline 0 -20"><span class='ocrx_word' id='word_1_68' title='bbox 185 1433 268 1518; x_wconf 80' lang='grc' dir='ltr'><strong><em>μηδὲ</em></strong></span> <span class='ocrx_word' id='word_1_69' title='bbox 296 1430 446 1513; x_wconf 78' lang='grc' dir='ltr'><strong><em>δοξάζειν</em></strong></span> <span class='ocrx_word' id='word_1_70' title='bbox 473 1427 579 1499; x_wconf 78' lang='grc' dir='ltr'><strong><em>αὐτόν</em></strong></span> <span class='ocrx_word' id='word_1_71' title='bbox 606 1429 683 1518; x_wconf 71' lang='grc' dir='ltr'>μηδ’</span> <span class='ocrx_word' id='word_1_72' title='bbox 712 1429 851 1519; x_wconf 78' lang='grc' dir='ltr'><em>ἀγνοεῖν</em></span> <span class='ocrx_word' id='word_1_73' title='bbox 878 1434 984 1518; x_wconf 77' lang='grc' dir='ltr'><strong><em>μηδέν</em></strong></span> <span class='ocrx_word' id='word_1_74' title='bbox 1001 1484 1108 1500; x_wconf 92' lang='grc'><strong>.....</strong></span> <span class='ocrx_word' id='word_1_75' title='bbox 1137 1433 1221 1517; x_wconf 76' lang='grc' dir='ltr'><strong><em>μηδὲ</em></strong></span> 
     </span>
     <span class='ocr_line' id='line_1_11' title="bbox 186 1540 1219 1630; baseline 0 -18"><span class='ocrx_word' id='word_1_76' title='bbox 186 1542 334 1625; x_wconf 76' lang='grc' dir='ltr'><em>δοξάζειν</em></span> <span class='ocrx_word' id='word_1_77' title='bbox 362 1540 422 1610; x_wconf 91' lang='grc' dir='ltr'>τὸν</span> <span class='ocrx_word' id='word_1_78' title='bbox 446 1541 566 1630; x_wconf 87' lang='grc' dir='ltr'><strong><em>σοφόν.</em></strong></span> <span class='ocrx_word' id='word_1_79' title='bbox 611 1547 693 1612; x_wconf 92' lang='lat' dir='ltr'>Plut.</span> <span class='ocrx_word' id='word_1_80' title='bbox 719 1547 814 1613; x_wconf 87' lang='lat' dir='ltr'>Stoio.</span> <span class='ocrx_word' id='word_1_81' title='bbox 838 1553 922 1628; x_wconf 75' lang='lat' dir='ltr'>poet.</span> <span class='ocrx_word' id='word_1_82' title='bbox 947 1547 1132 1614; x_wconf 83' lang='lat' dir='ltr'>absurdiora</span> <span class='ocrx_word' id='word_1_83' title='bbox 1161 1548 1219 1613; x_wconf 93' lang='lat' dir='ltr'>dic.</span> 
     </span>
     <span class='ocr_line' id='line_1_12' title="bbox 186 1659 1221 1741; baseline 0 -16"><span class='ocrx_word' id='word_1_84' title='bbox 186 1666 247 1740; x_wconf 84' lang='grc'><strong>4,1.</strong></span> <span class='ocrx_word' id='word_1_85' title='bbox 293 1659 417 1723; x_wconf 86' lang='lat' dir='ltr'>Dixerit</span> <span class='ocrx_word' id='word_1_86' title='bbox 439 1660 593 1741; x_wconf 87' lang='lat' dir='ltr'>quispiam</span> <span class='ocrx_word' id='word_1_87' title='bbox 617 1659 656 1723; x_wconf 88' lang='lat' dir='ltr'>ad</span> <span class='ocrx_word' id='word_1_88' title='bbox 678 1659 762 1723; x_wconf 89' lang='lat' dir='ltr'>idem</span> <span class='ocrx_word' id='word_1_89' title='bbox 786 1661 825 1725; x_wconf 90' lang='lat' dir='ltr'>de</span> <span class='ocrx_word' id='word_1_90' title='bbox 848 1661 1047 1740; x_wconf 89' lang='lat' dir='ltr'>opinionibus</span> <span class='ocrx_word' id='word_1_91' title='bbox 1071 1661 1221 1725; x_wconf 91' lang='lat' dir='ltr'>iudicium</span> 
     </span>
     <span class='ocr_line' id='line_1_13' title="bbox 187 1769 1222 1857; baseline 0.002 -21"><span class='ocrx_word' id='word_1_92' title='bbox 187 1791 223 1836; x_wconf 88' lang='lat' dir='ltr'>ea</span> <span class='ocrx_word' id='word_1_93' title='bbox 236 1772 416 1854; x_wconf 86' lang='lat' dir='ltr'>perducere,</span> <span class='ocrx_word' id='word_1_94' title='bbox 433 1791 513 1852; x_wconf 87' lang='lat' dir='ltr'>quae</span> <span class='ocrx_word' id='word_1_95' title='bbox 527 1773 620 1837; x_wconf 87' lang='lat' dir='ltr'>Plato</span> <span class='ocrx_word' id='word_1_96' title='bbox 636 1773 675 1836; x_wconf 89' lang='lat' dir='ltr'>de</span> <span class='ocrx_word' id='word_1_97' title='bbox 690 1773 900 1854; x_wconf 82' lang='lat' dir='ltr'>discrepantia</span> <span class='ocrx_word' id='word_1_98' title='bbox 916 1769 1016 1857; x_wconf 82' lang='grc' dir='ltr'><strong><em>δόξης</em></strong></span> <span class='ocrx_word' id='word_1_99' title='bbox 1038 1779 1070 1839; x_wconf 89' lang='lat' dir='ltr'>et</span> <span class='ocrx_word' id='word_1_100' title='bbox 1093 1769 1222 1857; x_wconf 79' lang='grc' dir='ltr'><strong><em>ἐπιστή-</em></strong></span> 
     </span>
     <span class='ocr_line' id='line_1_14' title="bbox 187 1882 1223 1968; baseline 0.002 -20"><span class='ocrx_word' id='word_1_101' title='bbox 187 1909 249 1966; x_wconf 83' lang='grc' dir='ltr'>μης</span> <span class='ocrx_word' id='word_1_102' title='bbox 264 1882 481 1966; x_wconf 69' lang='lat' dir='ltr'>disputavitll.</span> <span class='ocrx_word' id='word_1_103' title='bbox 522 1885 665 1950; x_wconf 82' lang='lat' dir='ltr'>Concedo</span> <span class='ocrx_word' id='word_1_104' title='bbox 683 1885 856 1966; x_wconf 89' lang='lat' dir='ltr'>Platonem,</span> <span class='ocrx_word' id='word_1_105' title='bbox 871 1887 898 1950; x_wconf 92' lang='lat' dir='ltr'>si</span> <span class='ocrx_word' id='word_1_106' title='bbox 913 1887 1082 1966; x_wconf 83' lang='lat' dir='ltr'>imaginem</span> <span class='ocrx_word' id='word_1_107' title='bbox 1097 1905 1223 1968; x_wconf 84' lang='lat' dir='ltr'>expres·</span> 
     </span>
     <span class='ocr_line' id='line_1_15' title="bbox 186 1996 1222 2081; baseline 0.004 -21"><span class='ocrx_word' id='word_1_108' title='bbox 186 1997 279 2062; x_wconf 88' lang='lat' dir='ltr'>sisset</span> <span class='ocrx_word' id='word_1_109' title='bbox 302 1996 454 2077; x_wconf 86' lang='lat' dir='ltr'>sapientis</span> <span class='ocrx_word' id='word_1_110' title='bbox 478 1997 622 2063; x_wconf 89' lang='lat' dir='ltr'>omnibus</span> <span class='ocrx_word' id='word_1_111' title='bbox 642 2000 780 2063; x_wconf 90' lang='lat' dir='ltr'>numeris</span> <span class='ocrx_word' id='word_1_112' title='bbox 803 2000 949 2078; x_wconf 89' lang='lat' dir='ltr'>absoluti,</span> <span class='ocrx_word' id='word_1_113' title='bbox 974 2001 1075 2080; x_wconf 87' lang='lat' dir='ltr'>ipsum</span> <span class='ocrx_word' id='word_1_114' title='bbox 1099 2018 1222 2081; x_wconf 92' lang='lat' dir='ltr'>quoque</span> 
     </span>
     <span class='ocr_line' id='line_1_16' title="bbox 187 2101 1222 2192; baseline 0.002 -19"><span class='ocrx_word' id='word_1_115' title='bbox 187 2101 374 2187; x_wconf 78' lang='grc' dir='ltr'>ἀδόξαστον</span> <span class='ocrx_word' id='word_1_116' title='bbox 399 2127 470 2175; x_wconf 89' lang='lat' dir='ltr'>oum</span> <span class='ocrx_word' id='word_1_117' title='bbox 493 2109 689 2191; x_wconf 85' lang='lat' dir='ltr'>depictorum</span> <span class='ocrx_word' id='word_1_118' title='bbox 705 2110 811 2177; x_wconf 89' lang='lat' dir='ltr'>fuisse.</span> <span class='ocrx_word' id='word_1_119' title='bbox 857 2111 918 2177; x_wconf 87' lang='lat' dir='ltr'>Sed</span> <span class='ocrx_word' id='word_1_120' title='bbox 942 2111 1119 2177; x_wconf 89' lang='lat' dir='ltr'>Stoicorum</span> <span class='ocrx_word' id='word_1_121' title='bbox 1142 2116 1222 2192; x_wconf 87' lang='lat' dir='ltr'>erat,</span> 
     </span>
     <span class='ocr_line' id='line_1_17' title="bbox 189 2223 1224 2305; baseline 0 -18"><span class='ocrx_word' id='word_1_122' title='bbox 189 2242 251 2287; x_wconf 93' lang='lat' dir='ltr'>non</span> <span class='ocrx_word' id='word_1_123' title='bbox 279 2224 433 2303; x_wconf 89' lang='lat' dir='ltr'>Platonis,</span> <span class='ocrx_word' id='word_1_124' title='bbox 467 2225 620 2305; x_wconf 87' lang='lat' dir='ltr'>sapientis</span> <span class='ocrx_word' id='word_1_125' title='bbox 647 2226 806 2305; x_wconf 86' lang='lat' dir='ltr'>exemplar</span> <span class='ocrx_word' id='word_1_126' title='bbox 832 2242 1007 2305; x_wconf 89' lang='lat' dir='ltr'>proponere</span> <span class='ocrx_word' id='word_1_127' title='bbox 1033 2223 1163 2305; x_wconf 83' lang='lat' dir='ltr'>perlecti</span> <span class='ocrx_word' id='word_1_128' title='bbox 1192 2228 1224 2289; x_wconf 88' lang='lat' dir='ltr'>et</span> 
     </span>
     <span class='ocr_line' id='line_1_18' title="bbox 187 2336 1224 2419; baseline 0.001 -19"><span class='ocrx_word' id='word_1_129' title='bbox 187 2336 332 2400; x_wconf 91' lang='lat' dir='ltr'>omnibus</span> <span class='ocrx_word' id='word_1_130' title='bbox 354 2337 387 2400; x_wconf 94' lang='lat' dir='ltr'>in</span> <span class='ocrx_word' id='word_1_131' title='bbox 409 2337 504 2400; x_wconf 91' lang='lat' dir='ltr'>rebus</span> <span class='ocrx_word' id='word_1_132' title='bbox 528 2357 567 2402; x_wconf 91' lang='lat' dir='ltr'>ne</span> <span class='ocrx_word' id='word_1_133' title='bbox 583 2339 632 2403; x_wconf 88' lang='lat' dir='ltr'>dis</span> <span class='ocrx_word' id='word_1_134' title='bbox 653 2337 778 2418; x_wconf 85' lang='lat' dir='ltr'>quidem</span> <span class='ocrx_word' id='word_1_135' title='bbox 801 2338 970 2403; x_wconf 85' lang='lat' dir='ltr'>inferioris.</span> <span class='ocrx_word' id='word_1_136' title='bbox 1008 2339 1119 2418; x_wconf 86' lang='lat' dir='ltr'>Itaque</span> <span class='ocrx_word' id='word_1_137' title='bbox 1141 2337 1224 2419; x_wconf 91' lang='lat' dir='ltr'>quod</span> 
     </span>
    </p>
   </div>
   <div class='ocr_carea' id='block_1_3' title="bbox 188 2442 1226 2968">
    <p class='ocr_par' dir='ltr' id='par_1_3' title="bbox 188 2442 1224 2642">
     <span class='ocr_line' id='line_1_19' title="bbox 188 2442 1224 2530; baseline 0.002 -20"><span class='ocrx_word' id='word_1_138' title='bbox 188 2448 233 2511; x_wconf 92' lang='lat' dir='ltr'>illi</span> <span class='ocrx_word' id='word_1_139' title='bbox 265 2449 296 2511; x_wconf 94' lang='lat' dir='ltr'>in</span> <span class='ocrx_word' id='word_1_140' title='bbox 326 2449 467 2527; x_wconf 85' lang='lat' dir='ltr'>sapiente</span> <span class='ocrx_word' id='word_1_141' title='bbox 497 2451 713 2530; x_wconf 89' lang='lat' dir='ltr'>requirebant,</span> <span class='ocrx_word' id='word_1_142' title='bbox 741 2456 777 2514; x_wconf 93' lang='lat' dir='ltr'>ut</span> <span class='ocrx_word' id='word_1_143' title='bbox 803 2442 985 2527; x_wconf 78' lang='grc' dir='ltr'><strong><em>ἀδόξαστος</em></strong></span> <span class='ocrx_word' id='word_1_144' title='bbox 1016 2454 1113 2528; x_wconf 87' lang='lat' dir='ltr'>esset,</span> <span class='ocrx_word' id='word_1_145' title='bbox 1143 2450 1175 2514; x_wconf 94' lang='lat' dir='ltr'>id</span> <span class='ocrx_word' id='word_1_146' title='bbox 1204 2469 1224 2512; x_wconf 84' lang='lat' dir='ltr'>a</span> 
     </span>
     <span class='ocr_line' id='line_1_20' title="bbox 188 2558 598 2642; baseline 0.012 -20"><span class='ocrx_word' id='word_1_147' title='bbox 188 2558 318 2624; x_wconf 88' lang='lat' dir='ltr'>Platone</span> <span class='ocrx_word' id='word_1_148' title='bbox 341 2562 479 2625; x_wconf 90' lang='lat' dir='ltr'>alienum</span> <span class='ocrx_word' id='word_1_149' title='bbox 501 2568 551 2626; x_wconf 89' lang='lat' dir='ltr'>est</span> <span class='ocrx_word' id='word_1_150' title='bbox 560 2559 598 2642; x_wconf 77' lang='grc'>3).</span> 
     </span>
    </p>

    <p class='ocr_par' dir='ltr' id='par_1_4' title="bbox 190 2674 1226 2968">
     <span class='ocr_line' id='line_1_21' title="bbox 275 2674 1226 2761; baseline 0.007 -25"><span class='ocrx_word' id='word_1_151' title='bbox 275 2674 400 2749; x_wconf 81' lang='lat' dir='ltr'>Restat,</span> <span class='ocrx_word' id='word_1_152' title='bbox 430 2680 466 2739; x_wconf 91' lang='lat' dir='ltr'>ut</span> <span class='ocrx_word' id='word_1_153' title='bbox 488 2675 527 2739; x_wconf 90' lang='lat' dir='ltr'>de</span> <span class='ocrx_word' id='word_1_154' title='bbox 550 2676 645 2740; x_wconf 90' lang='lat' dir='ltr'>tertio</span> <span class='ocrx_word' id='word_1_155' title='bbox 668 2677 722 2742; x_wconf 93' lang='lat' dir='ltr'>illo</span> <span class='ocrx_word' id='word_1_156' title='bbox 745 2678 856 2742; x_wconf 87' lang='lat' dir='ltr'>salutis</span> <span class='ocrx_word' id='word_1_157' title='bbox 879 2677 1104 2759; x_wconf 87' lang='lat' dir='ltr'>impedimento</span> <span class='ocrx_word' id='word_1_158' title='bbox 1127 2695 1226 2761; x_wconf 87' lang='lat' dir='ltr'>pauca</span> 
     </span>
     <span class='ocr_line' id='line_1_22' title="bbox 190 2784 1225 2872; baseline 0.006 -23"><span class='ocrx_word' id='word_1_159' title='bbox 190 2784 301 2866; x_wconf 89' lang='lat' dir='ltr'>dicam,</span> <span class='ocrx_word' id='word_1_160' title='bbox 324 2805 386 2867; x_wconf 93' lang='lat' dir='ltr'>quo</span> <span class='ocrx_word' id='word_1_161' title='bbox 409 2787 442 2866; x_wconf 95' lang='lat' dir='ltr'>ii,</span> <span class='ocrx_word' id='word_1_162' title='bbox 465 2789 520 2868; x_wconf 91' lang='lat' dir='ltr'>qui</span> <span class='ocrx_word' id='word_1_163' title='bbox 541 2788 658 2853; x_wconf 87' lang='lat' dir='ltr'>litteris</span> <span class='ocrx_word' id='word_1_164' title='bbox 680 2790 793 2854; x_wconf 89' lang='lat' dir='ltr'>imbuti</span> <span class='ocrx_word' id='word_1_165' title='bbox 815 2796 898 2872; x_wconf 88' lang='lat' dir='ltr'>sunt,</span> <span class='ocrx_word' id='word_1_166' title='bbox 922 2809 962 2854; x_wconf 91' lang='lat' dir='ltr'>ne</span> <span class='ocrx_word' id='word_1_167' title='bbox 977 2790 1016 2854; x_wconf 91' lang='lat' dir='ltr'>ad</span> <span class='ocrx_word' id='word_1_168' title='bbox 1031 2811 1137 2857; x_wconf 90' lang='lat' dir='ltr'>veram</span> <span class='ocrx_word' id='word_1_169' title='bbox 1156 2811 1225 2856; x_wconf 89' lang='lat' dir='ltr'>eru-</span> 
     </span>
     <span class='ocr_line' id='line_1_23' title="bbox 194 2897 1225 2968; baseline 0.007 -8"><span class='ocrx_word' id='word_1_170' title='bbox 194 2897 346 2964; x_wconf 90' lang='lat' dir='ltr'>ditionem</span> <span class='ocrx_word' id='word_1_171' title='bbox 373 2899 525 2965; x_wconf 86' lang='lat' dir='ltr'>acredant</span> <span class='ocrx_word' id='word_1_172' title='bbox 546 2901 756 2965; x_wconf 86' lang='lat' dir='ltr'>deterrentur.</span> <span class='ocrx_word' id='word_1_173' title='bbox 803 2901 881 2967; x_wconf 80' lang='lat' dir='ltr'>(lum</span> <span class='ocrx_word' id='word_1_174' title='bbox 911 2903 994 2966; x_wconf 91' lang='lat' dir='ltr'>enim</span> <span class='ocrx_word' id='word_1_175' title='bbox 1022 2921 1059 2968; x_wconf 88' lang='lat' dir='ltr'>ea</span> <span class='ocrx_word' id='word_1_176' title='bbox 1086 2921 1119 2968; x_wconf 88' lang='lat' dir='ltr'>se</span> <span class='ocrx_word' id='word_1_177' title='bbox 1146 2905 1225 2967; x_wconf 88' lang='lat' dir='ltr'>scire</span> 
     </span>
    </p>
   </div>
   <div class='ocr_carea' id='block_1_4' title="bbox 189 3013 1226 3434">
    <p class='ocr_par' dir='ltr' id='par_1_5' title="bbox 189 3013 1226 3434">
     <span class='ocr_line' id='line_1_24' title="bbox 192 3013 1225 3096; baseline 0.002 -21"><span class='ocrx_word' id='word_1_178' title='bbox 192 3013 369 3094; x_wconf 86' lang='lat' dir='ltr'>opinentur,</span> <span class='ocrx_word' id='word_1_179' title='bbox 393 3031 474 3094; x_wconf 87' lang='lat' dir='ltr'>quae</span> <span class='ocrx_word' id='word_1_180' title='bbox 497 3033 531 3078; x_wconf 91' lang='lat' dir='ltr'>re</span> <span class='ocrx_word' id='word_1_181' title='bbox 546 3033 621 3078; x_wconf 87' lang='lat' dir='ltr'>vera</span> <span class='ocrx_word' id='word_1_182' title='bbox 642 3017 796 3094; x_wconf 88' lang='lat' dir='ltr'>nesciunt,</span> <span class='ocrx_word' id='word_1_183' title='bbox 820 3015 856 3079; x_wconf 90' lang='lat' dir='ltr'>fit</span> <span class='ocrx_word' id='word_1_184' title='bbox 878 3023 914 3081; x_wconf 91' lang='lat' dir='ltr'>ut</span> <span class='ocrx_word' id='word_1_185' title='bbox 937 3019 1050 3083; x_wconf 87' lang='lat' dir='ltr'>ceteris</span> <span class='ocrx_word' id='word_1_186' title='bbox 1073 3018 1137 3081; x_wconf 91' lang='lat' dir='ltr'>sint</span> <span class='ocrx_word' id='word_1_187' title='bbox 1152 3033 1225 3096; x_wconf 89' lang='lat' dir='ltr'>per-</span> 
     </span>
     <span class='ocr_line' id='line_1_25' title="bbox 189 3123 1225 3209; baseline 0.005 -24"><span class='ocrx_word' id='word_1_188' title='bbox 189 3123 358 3189; x_wconf 87' lang='lat' dir='ltr'>tinaciores</span> <span class='ocrx_word' id='word_1_189' title='bbox 382 3131 599 3206; x_wconf 83' lang='lat' dir='ltr'>etgravontnr</span> <span class='ocrx_word' id='word_1_190' title='bbox 618 3146 693 3192; x_wconf 86' lang='lat' dir='ltr'>vera</span> <span class='ocrx_word' id='word_1_191' title='bbox 709 3129 874 3209; x_wconf 88' lang='lat' dir='ltr'>disciplina</span> <span class='ocrx_word' id='word_1_192' title='bbox 898 3129 996 3194; x_wconf 90' lang='lat' dir='ltr'>imbui</span> <span class='ocrx_word' id='word_1_193' title='bbox 1020 3127 1139 3209; x_wconf 83' lang='lat' dir='ltr'>(3b,3).</span> <span class='ocrx_word' id='word_1_194' title='bbox 1178 3127 1225 3190; x_wconf 89' lang='lat' dir='ltr'>De</span> 
     </span>
     <span class='ocr_line' id='line_1_26' title="bbox 192 3235 1226 3320; baseline 0.005 -23"><span class='ocrx_word' id='word_1_195' title='bbox 192 3235 251 3300; x_wconf 89' lang='lat' dir='ltr'>hac</span> <span class='ocrx_word' id='word_1_196' title='bbox 272 3253 306 3299; x_wconf 87' lang='lat' dir='ltr'>re</span> <span class='ocrx_word' id='word_1_197' title='bbox 328 3238 433 3303; x_wconf 88' lang='lat' dir='ltr'>brevis</span> <span class='ocrx_word' id='word_1_198' title='bbox 456 3258 526 3304; x_wconf 86' lang='lat' dir='ltr'>csse</span> <span class='ocrx_word' id='word_1_199' title='bbox 548 3259 685 3320; x_wconf 89' lang='lat' dir='ltr'>possum.</span> <span class='ocrx_word' id='word_1_200' title='bbox 731 3241 853 3306; x_wconf 88' lang='lat' dir='ltr'>Sufficit</span> <span class='ocrx_word' id='word_1_201' title='bbox 875 3243 958 3306; x_wconf 90' lang='lat' dir='ltr'>enim</span> <span class='ocrx_word' id='word_1_202' title='bbox 981 3241 1076 3306; x_wconf 88' lang='lat' dir='ltr'>verbo</span> <span class='ocrx_word' id='word_1_203' title='bbox 1099 3257 1226 3303; x_wconf 86' lang='lat' dir='ltr'>monere</span> 
     </span>
     <span class='ocr_line' id='line_1_27' title="bbox 190 3346 1225 3434; baseline 0.003 -23"><span class='ocrx_word' id='word_1_204' title='bbox 190 3346 360 3429; x_wconf 83' lang='lat' dir='ltr'>Socratem,</span> <span class='ocrx_word' id='word_1_205' title='bbox 377 3350 542 3415; x_wconf 88' lang='lat' dir='ltr'>Platonem</span> <span class='ocrx_word' id='word_1_206' title='bbox 563 3357 595 3416; x_wconf 87' lang='lat' dir='ltr'>et</span> <span class='ocrx_word' id='word_1_207' title='bbox 609 3350 848 3433; x_wconf 88' lang='lat' dir='ltr'>Xenophontem</span> <span class='ocrx_word' id='word_1_208' title='bbox 871 3354 899 3417; x_wconf 88' lang='lat' dir='ltr'>si</span> <span class='ocrx_word' id='word_1_209' title='bbox 921 3353 1092 3434; x_wconf 91' lang='lat' dir='ltr'>sequimur,</span> <span class='ocrx_word' id='word_1_210' title='bbox 1115 3351 1148 3414; x_wconf 93' lang='lat' dir='ltr'>id</span> <span class='ocrx_word' id='word_1_211' title='bbox 1171 3369 1225 3432; x_wconf 91' lang='lat' dir='ltr'>po·</span> 
     </span>
    </p>
   </div>
   <div class='ocr_carea' id='block_1_5' title="bbox 193 3526 367 3538">
    <p class='ocr_par' dir='ltr' id='par_1_6' title="bbox 193 3526 367 3538">
     <span class='ocr_line' id='line_1_28' title="bbox 193 3526 367 3538; baseline 0.023 -5"><span class='ocrx_word' id='word_1_212' title='bbox 193 3526 367 3538; x_wconf 71' lang='lat'>—-———</span> 
     </span>
    </p>
   </div>
   <div class='ocr_carea' id='block_1_6' title="bbox 277 3627 1081 3819">
    <p class='ocr_par' dir='ltr' id='par_1_7' title="bbox 277 3627 1081 3819">
     <span class='ocr_line' id='line_1_29' title="bbox 277 3627 644 3698; baseline 0.005 -17"><span class='ocrx_word' id='word_1_213' title='bbox 277 3627 644 3698; x_wconf 57' lang='lat' dir='ltr'>qmmmmmm</span> 
     </span>
     <span class='ocr_line' id='line_1_30' title="bbox 279 3748 1081 3819; baseline -0.002 -15"><span class='ocrx_word' id='word_1_214' title='bbox 279 3748 300 3816; x_wconf 62' lang='grc' dir='ltr'>ἵ)</span> <span class='ocrx_word' id='word_1_215' title='bbox 320 3750 360 3804; x_wconf 85' lang='lat' dir='ltr'>Gi.</span> <span class='ocrx_word' id='word_1_216' title='bbox 379 3765 448 3818; x_wconf 88' lang='lat' dir='ltr'>qnae</span> <span class='ocrx_word' id='word_1_217' title='bbox 466 3767 493 3819; x_wconf 91' lang='lat' dir='ltr'>p.</span> <span class='ocrx_word' id='word_1_218' title='bbox 512 3752 546 3804; x_wconf 89' lang='lat'>65</span> <span class='ocrx_word' id='word_1_219' title='bbox 565 3750 598 3803; x_wconf 88' lang='lat' dir='ltr'>de</span> <span class='ocrx_word' id='word_1_220' title='bbox 615 3751 765 3806; x_wconf 81' lang='lat' dir='ltr'>casauboni</span> <span class='ocrx_word' id='word_1_221' title='bbox 784 3753 917 3806; x_wconf 84' lang='lat' dir='ltr'>sententia</span> <span class='ocrx_word' id='word_1_222' title='bbox 935 3750 1081 3805; x_wconf 82' lang='lat' dir='ltr'>attulimus.</span> 
     </span>
    </p>
   </div>
   <div class='ocr_carea' id='block_1_7' title="bbox 191 3863 1229 4284">
    <p class='ocr_par' dir='ltr' id='par_1_8' title="bbox 191 3863 1229 4284">
     <span class='ocr_line' id='line_1_31' title="bbox 280 3863 1229 3940; baseline -0.002 -18"><span class='ocrx_word' id='word_1_223' title='bbox 280 3871 301 3936; x_wconf 80' lang='lat'>⁸)</span> <span class='ocrx_word' id='word_1_224' title='bbox 322 3871 485 3925; x_wconf 80' lang='lat' dir='ltr'>Vocabulum</span> <span class='ocrx_word' id='word_1_225' title='bbox 504 3863 661 3937; x_wconf 73' lang='grc' dir='ltr'><strong><em>ἀδόξαστος</em></strong></span> <span class='ocrx_word' id='word_1_226' title='bbox 673 3871 738 3924; x_wconf 88' lang='lat' dir='ltr'>illud</span> <span class='ocrx_word' id='word_1_227' title='bbox 752 3872 855 3940; x_wconf 90' lang='lat' dir='ltr'>quidem</span> <span class='ocrx_word' id='word_1_228' title='bbox 869 3872 938 3940; x_wconf 88' lang='lat' dir='ltr'>apud</span> <span class='ocrx_word' id='word_1_229' title='bbox 953 3869 1090 3923; x_wconf 87' lang='lat' dir='ltr'>Platonem</span> <span class='ocrx_word' id='word_1_230' title='bbox 1110 3865 1229 3932; x_wconf 86' lang='lat' dir='ltr'>(Phaedo</span> 
     </span>
     <span class='ocr_line' id='line_1_32' title="bbox 191 3946 1229 4026; baseline -0.004 -16"><span class='ocrx_word' id='word_1_231' title='bbox 191 3957 258 4022; x_wconf 77' lang='lat' dir='ltr'>ert)</span> <span class='ocrx_word' id='word_1_232' title='bbox 278 3957 424 4024; x_wconf 83' lang='lat' dir='ltr'>invenitur,</span> <span class='ocrx_word' id='word_1_233' title='bbox 449 3959 494 4012; x_wconf 89' lang='lat' dir='ltr'>sed</span> <span class='ocrx_word' id='word_1_234' title='bbox 521 3959 598 4026; x_wconf 83' lang='lat' dir='ltr'>longo</span> <span class='ocrx_word' id='word_1_235' title='bbox 624 3959 728 4012; x_wconf 81' lang='lat' dir='ltr'>‹liversa</span> <span class='ocrx_word' id='word_1_236' title='bbox 749 3958 955 4024; x_wconf 85' lang='lat' dir='ltr'>significatione:</span> <span class='ocrx_word' id='word_1_237' title='bbox 982 3946 1141 4021; x_wconf 73' lang='grc' dir='ltr'><strong><em>ἀδόξαστον</em></strong></span> <span class='ocrx_word' id='word_1_238' title='bbox 1159 3953 1229 4007; x_wconf 86' lang='lat' dir='ltr'>enim</span> 
     </span>
     <span class='ocr_line' id='line_1_33' title="bbox 191 4040 1229 4112; baseline -0.004 -16"><span class='ocrx_word' id='word_1_239' title='bbox 191 4043 250 4097; x_wconf 88' lang='lat' dir='ltr'>illic</span> <span class='ocrx_word' id='word_1_240' title='bbox 270 4043 295 4096; x_wconf 92' lang='lat' dir='ltr'>id</span> <span class='ocrx_word' id='word_1_241' title='bbox 314 4051 362 4112; x_wconf 82' lang='lat' dir='ltr'>est,</span> <span class='ocrx_word' id='word_1_242' title='bbox 380 4044 414 4099; x_wconf 86' lang='lat' dir='ltr'>de</span> <span class='ocrx_word' id='word_1_243' title='bbox 432 4061 484 4112; x_wconf 94' lang='lat' dir='ltr'>quo</span> <span class='ocrx_word' id='word_1_244' title='bbox 498 4045 601 4112; x_wconf 84' lang='lat' dir='ltr'>opinari</span> <span class='ocrx_word' id='word_1_245' title='bbox 614 4060 666 4098; x_wconf 90' lang='lat' dir='ltr'>non</span> <span class='ocrx_word' id='word_1_246' title='bbox 685 4044 757 4112; x_wconf 78' lang='lat' dir='ltr'>licet,</span> <span class='ocrx_word' id='word_1_247' title='bbox 775 4044 831 4098; x_wconf 80' lang='lat' dir='ltr'>sive</span> <span class='ocrx_word' id='word_1_248' title='bbox 849 4043 885 4110; x_wconf 89' lang='lat' dir='ltr'>id,</span> <span class='ocrx_word' id='word_1_249' title='bbox 904 4042 972 4110; x_wconf 93' lang='lat' dir='ltr'>quod</span> <span class='ocrx_word' id='word_1_250' title='bbox 985 4057 1066 4108; x_wconf 87' lang='lat' dir='ltr'>supra</span> <span class='ocrx_word' id='word_1_251' title='bbox 1078 4040 1229 4109; x_wconf 86' lang='lat' dir='ltr'>opinionem</span> 
     </span>
     <span class='ocr_line' id='line_1_34' title="bbox 191 4131 376 4198; baseline 0 -14"><span class='ocrx_word' id='word_1_252' title='bbox 191 4131 307 4198; x_wconf 80' lang='lat' dir='ltr'>positum</span> <span class='ocrx_word' id='word_1_253' title='bbox 325 4137 376 4184; x_wconf 84' lang='lat' dir='ltr'>eat.</span> 
     </span>
     <span class='ocr_line' id='line_1_35' title="bbox 976 4217 1012 4284; baseline 0 -28"><span class='ocrx_word' id='word_1_254' title='bbox 976 4217 1012 4284; x_wconf 76' lang='lat'>5*</span> 
     </span>
    </p>
   </div>
   <div class='ocr_carea' id='block_1_8' title="bbox 0 0 1579 4870">
    <p class='ocr_par' dir='ltr' id='par_1_9' title="bbox 0 0 1579 4870">
     <span class='ocr_line' id='line_1_36' title="bbox 0 0 1579 4870; baseline 0 0"><span class='ocrx_word' id='word_1_255' title='bbox 0 0 1579 4870; x_wconf 95' lang='lat' dir='ltr'> </span> 
     </span>
    </p>
   </div>
  </div>
 </body>
</html>
