3132 4874
725 367 763 378 m.
811 340 852 399 43
900 363 936 377 ,α

314 507 401 572 locus
424 509 610 574 obversatus
633 508 684 586 sit,
708 527 778 573 cum
801 509 879 572 haec
902 507 1056 572 scriberet
1072 501 1226 587 (Menipp.
1242 523 1272 586 p.
1290 508 1355 569 200

314 619 381 684 δυο.
395 625 456 685 477
472 619 548 701 sq.):
573 623 656 685 ἔνιοι
673 618 710 683 δὲ
732 612 787 684 ὑπ’
812 613 1055 703 ἀγνωμοσύνης
1078 610 1212 681 ἐπειδὰν
1235 609 1356 700 ἀπαιτῇ

316 725 376 795 τόν
398 725 527 815 κόσμον
550 732 707 797 ἐπιστᾶσα
730 724 749 814 ἡ
778 727 867 815 Τύχη
891 726 1058 814 ἀχθονταί
1077 751 1110 793 τε
1132 726 1187 792 καλ
1210 721 1356 809 ἀγανακ-

315 845 434 907 τοῦσιν
467 838 577 925 ὥσπερ
606 845 739 908 οἰκείων
768 845 871 908 τινῶν
903 836 1151 924 στερισκόμενοι
1173 838 1229 904 καὶ
1252 831 1357 921 οάχά

316 948 399 1038 πρὸς
433 947 549 1037 ὀλίγον
583 950 764 1038 ἐχρήσαντο
799 948 1027 1030 ἀποδιδόντες.
1084 953 1247 1018 Plutarchi
1281 971 1357 1017 vero

317 1066 344 1129 is
368 1067 472 1146 locus,
507 1067 562 1148 qui
594 1073 643 1131 est
676 1086 759 1133 cous.
794 1067 834 1131 ad
864 1066 966 1147 apoll.
995 1071 1053 1130 116
1081 1073 1146 1130 tam
1171 1065 1282 1130 similis
1307 1070 1359 1127 est

319 1178 443 1243 Cebetis
467 1178 585 1259 verbis,
616 1184 651 1243 ut
683 1180 734 1244 vix
768 1179 826 1244 tibi
849 1178 1038 1258 persuadeas
1062 1196 1124 1241 aon
1149 1182 1205 1242 aut
1229 1175 1358 1240 Cebetis

318 1291 373 1354 illa
396 1290 578 1370 Plutarcho,
603 1297 659 1355 aut
680 1290 871 1356 Plutarchea
895 1289 1005 1378 Cebeti
1029 1295 1105 1354 noto
1129 1287 1235 1352 luisse.
1281 1287 1356 1350 Piu-

319 1402 450 1468 tarchus
473 1403 556 1467 euim
579 1409 744 1484 postquam
769 1403 807 1466 de
830 1402 990 1482 Euripidis
1014 1401 1069 1467 illo
1092 1401 1269 1467 admonuit:
1315 1390 1357 1461 τὰ

315 1509 469 1596 Ιχρήματα
493 1507 555 1579 οὐκ
578 1516 647 1578 ἰδια
668 1512 843 1595 κέκτηνται
865 1516 996 1594 βροτοί,
1020 1514 1065 1578 sic
1087 1514 1208 1595 pergit:
1242 1502 1283 1575 οὐ
1308 1511 1363 1573 δεῖ

320 1613 385 1688 οὖν
402 1626 598 1709 δυσφορεῖν,
620 1617 678 1688 ἰάν
693 1618 714 1688 ἀ
732 1618 878 1707 ’ἔχρησαν
897 1616 978 1709 ἡμῖν
999 1618 1083 1706 πρὸς
1104 1618 1229 1708 ὀλίγον,
1251 1631 1358 1693 ταῦτα

321 1729 506 1801 ἀπαιτῶσιν
521 1754 526 1766 ·
540 1729 621 1801 οὐδὲ
649 1728 714 1819 γὰρ
737 1737 772 1800 οἰ
791 1739 993 1819 τραπεζῖται,
1015 1732 1168 1818 καθάπερ
1195 1732 1362 1821 εἰώθαμεν

321 1847 430 1930 λέγειν
444 1844 611 1929 πολλάκις,
627 1840 866 1930 ἀπαιτούμενοι
881 1841 921 1912 τά
937 1847 1066 1932 θέματα
1082 1850 1363 1932 δυσχεραίνουσιν

321 1958 374 2024 ἐπὶ
396 1962 436 2044 τῇ
460 1953 637 2040 ἀποδόσει,
667 1954 788 2040 ἰάνπερ
814 1953 1052 2042 εὐγνωμονῶσι
1069 1976 1077 1991 ·
1092 1954 1176 2041 πρὸς
1197 1955 1261 2044 γάρ
1283 1956 1365 2039 τοὺς

322 2063 385 2136 οὐκ
418 2064 573 2156 εὐμαρῶς.
602 2063 826 2147 ἀποδιδόντας
858 2067 991 2147 εἰκότως
1017 2066 1060 2136 ἀν
1086 2095 1136 2148 τις
1164 2078 1251 2137 εἰποι
1266 2089 1274 2104 ·
1291 2071 1363 2138 ἐπε-

322 2179 434 2247 λάθου
457 2178 507 2248 ὅτι
530 2175 619 2248 ταῦτ’
645 2184 758 2263 ἔλαβες
781 2180 833 2247 ἐπὶ
854 2185 900 2270 τῷ
925 2175 1123 2248 ἀποδοῦναι.

410 2293 569 2375 Sapientis
592 2294 690 2372 igitur
721 2299 769 2358 est
793 2312 893 2374 neque
916 2295 1071 2374 gaudere,
1100 2295 1127 2358 si
1157 2295 1290 2376 adeptus
1313 2303 1365 2362 est

324 2406 405 2469 bono
428 2404 584 2485 fortunae,
608 2423 709 2487 neque
733 2406 848 2485 dolere,
872 2405 898 2470 si
921 2407 1039 2487 arrrisit,
1065 2406 1128 2485 scd,
1152 2411 1188 2470 ut
1211 2411 1283 2470 utar
1303 2406 1363 2473 Ce-

324 2519 405 2582 betis
444 2517 564 2596 verbiS,
602 2523 697 2592 ἰσους
733 2520 916 2600 γίγνεσθαι
951 2510 1035 2598 πρὸς
1067 2511 1125 2593 τάς
1158 2510 1232 2598 παρ’
1263 2511 1366 2600 αὐτῆς

324 2627 395 2712 (τῆς
439 2623 559 2710 Τύχης)
601 2623 724 2708 δόσεις,
757 2649 782 2692 c.
823 2634 905 2708 31,2.
973 2629 1041 2694 Hoc
1080 2629 1149 2694 loco
1190 2631 1217 2694 is
1255 2630 1364 2709 codex,

324 2757 416 2822 quem
451 2740 482 2803 in
517 2741 691 2822 posteriore
722 2741 815 2804 buius
846 2740 918 2804 libri
942 2747 1033 2821 parte
1060 2742 1227 2806 verborum
1257 2759 1366 2805 recen·

325 2852 492 2916 sendorum
527 2871 668 2917 normam
703 2870 773 2916 esse
806 2851 919 2916 debere
953 2852 1157 2928 Muellerum)
1194 2853 1270 2917 mihi
1293 2870 1365 2932 per-

326 2964 442 3044 suasit,
477 2963 519 3042 V,
553 2965 684 3043 praebet
716 2969 810 3038 ἰσους
842 2965 1033 3045 γίγνεσθαι,
1067 2963 1106 3044 (l,
1134 2965 1165 3028 in
1196 2983 1257 3046 quo
1287 2965 1366 3030 Dro-

326 3075 437 3140 sihnus
462 3075 548 3138 uisus
568 3080 617 3139 est
639 3075 672 3139 in
694 3079 783 3139 textu
807 3075 990 3154 posterioris
1013 3077 1113 3156 partis
1136 3075 1365 3155 constituendo,

327 3187 454 3252 exbibet
476 3180 608 3269 ἥττους,
632 3186 714 3249 unde
737 3185 914 3250 Drosihnus
930 3186 1111 3251 coniectura
1128 3191 1292 3252 assecutus
1317 3194 1366 3253 est

327 3292 519 3380 ἀηττήτους.
567 3295 786 3378 Muellerus2),
810 3316 880 3361 oum
898 3298 930 3361 iu
954 3299 1060 3362 codiee
1084 3306 1154 3380 post
1179 3304 1273 3376 ῖσους
1295 3302 1365 3382 γίγ-

327 3416 448 3474 νεσθαι
476 3409 559 3473 desit
585 3406 656 3490 καί,
686 3408 763 3472 illud
792 3412 885 3483 ἰσους
907 3410 1084 3492 γίγνεσθαι
1113 3413 1271 3491 glossema
1298 3429 1367 3476 esse

327 3531 417 3586 ratus
449 3521 493 3585 sic
523 3520 647 3585 scribit:
686 3512 812 3583 κελεύει
840 3512 923 3599 πρὸς
952 3512 1010 3596 τάς
1031 3513 1106 3602 παρ’
1136 3514 1237 3605 αὐτῆς
1260 3518 1369 3598 δόσεις

328 3629 408 3716 μήτε
420 3634 547 3716 χαίρειν
559 3627 640 3696 ὅταν
650 3632 730 3718 διδῷ
741 3624 821 3712 μήτε
831 3622 977 3714 ἀθυμεῖν
989 3627 1071 3698 ὅταν
1083 3627 1253 3717 ἀφέληται.
1278 3636 1295 3700 J
1299 3637 1368 3700 uiu-

329 3748 387 3826 ria,
407 3750 443 3811 ut
461 3745 537 3809 mibi
552 3744 677 3826 quidem
694 3743 829 3808 videtur.
854 3743 963 3808 Malim
980 3745 1062 3809 enim
1080 3747 1209 3811 credere
1224 3745 1369 3812 illudxui

329 3865 402 3938 post
424 3860 602 3940 γίγνεσθαι
625 3856 778 3921 excidisse
800 3873 895 3935 quam
919 3856 958 3920 ad
979 3856 1061 3920 hanc
1083 3864 1274 3924 structuram
1297 3877 1370 3925 con-

418 4011 443 4079 1)
462 4011 503 4064 De
520 4017 579 4065 arte
597 4009 648 4062 crit
666 4006 730 4061 (leb.
750 4007 816 4061 Tab.
835 4007 925 4062 adhib.
943 4023 969 4074 p.
989 4009 1031 4076 53,
1049 4010 1091 4062 68.

418 4094 440 4166 ²)
457 4096 522 4150 ibid.
542 4113 568 4164 p.
588 4096 630 4148 56.
