3132 4874
627 306 841 366 ,15-

216 480 349 556 diamur,
372 495 411 542 ne
431 477 572 544 Socratis
594 475 642 540 illi
665 473 818 555 discipulo
842 491 912 537 eum
937 474 1135 552 abrogemus.
1181 473 1253 539 lam

217 592 315 672 igitur
330 591 379 669 iis,
397 609 478 670 quae
493 607 589 670 supra
605 588 831 667 congessimus,
855 587 1059 668 antiquorum
1074 587 1112 651 de
1128 586 1254 652 Cebetis

216 704 281 768 vita
309 702 502 767 testimoniis
524 700 674 765 adhibitis
697 717 903 779 quaeramus
932 717 1006 762 num
1031 698 1172 763 Tabulae
1194 699 1255 763 loci

216 814 361 879 nonnulli
385 820 576 896 repugnent,
604 831 643 876 ue
666 831 685 876 a
708 810 869 876 Socratico
894 809 1011 875 Cebete
1039 829 1108 875 eam
1133 809 1256 875 coniec-

216 935 282 991 tam
306 945 376 992 csse
397 927 599 991 arbitremur.
646 923 750 1004 Atque
772 925 908 1004 primum
933 923 1126 1006 Hieronymo
1143 921 1255 987 Wolfio

217 1039 429 1120 suspicionem
452 1039 560 1116 movit,
583 1037 668 1117 quod
694 1040 764 1114 l3,2
782 1035 988 1115 Peripatetici
1011 1053 1256 1099 commemoran-

217 1157 325 1214 turcl
349 1155 421 1229 33‚3
445 1149 588 1214 Platonis
611 1149 771 1212 sententia
793 1148 949 1227 quaedam
973 1148 1136 1226 laudatur,
1161 1166 1255 1228 quam

218 1264 268 1326 hic
283 1263 429 1342 exposuit
450 1262 489 1326 de
512 1261 573 1340 leg.
590 1261 651 1324 Vll
674 1278 704 1341 p.
721 1265 794 1324 808.
840 1261 920 1324 Jure
935 1259 1018 1323 enim
1035 1260 1180 1325 dubitare
1195 1260 1257 1324 sibi

216 1375 303 1439 visus
319 1381 380 1454 est,
403 1393 478 1438 num
495 1374 596 1439 Cebes
612 1374 791 1439 Socraticus
808 1372 1093 1454 Peripateticorum
1117 1373 1257 1437 familiae

217 1494 273 1551 aut
296 1505 405 1552 eorum
421 1486 563 1550 Platonis
582 1486 746 1565 librorum,
770 1486 823 1566 qui
840 1485 877 1549 de
892 1485 1015 1566 legibus
1032 1485 1256 1563 inscribuntur,

217 1599 364 1664 notitiam
387 1599 530 1678 accipere
552 1600 701 1679 potuerit.
747 1597 847 1674 Quam
865 1595 1094 1678 difficultatem,
1117 1597 1201 1677 quod
1218 1597 1257 1660 ad

216 1711 361 1776 Platonis
379 1711 469 1775 illum
490 1711 592 1777 locum
608 1712 734 1792 attinet,
757 1710 890 1792 pervim
907 1712 1103 1777 sustulerunt
1119 1718 1151 1776 ct
1166 1713 1258 1792 quasi

217 1823 323 1903 gladio
347 1823 462 1888 nodum
486 1823 681 1888 disciderunt
704 1821 911 1888 Casaubonus
936 1821 981 1903 (in
1006 1822 1081 1889 edit.
1102 1823 1257 1904 Berkelii)

218 1943 250 2000 et
272 1935 494 2016 Kloplerus¹),
518 1936 571 2017 qui
595 1935 750 2000 vocabula
773 1935 937 1999 Platonem
962 1934 1135 2015 allegantia
1160 1937 1258 2000 inter-

218 2049 352 2128 polatori
374 2049 569 2113 tribuerunt.
614 2049 656 2112 At
680 2047 756 2111 nihil
781 2049 812 2110 in
830 2048 869 2112 iis
885 2048 968 2112 inest
983 2047 1172 2128 offensionis,
1196 2066 1258 2129 quo

218 2161 292 2226 talis
315 2163 496 2226 coniectura
518 2161 723 2240 defendatur,
756 2179 940 2243 summoque
971 2161 1039 2225 iure
1069 2179 1088 2224 a
1119 2162 1258 2226 violenta

221 2274 280 2337 hac
294 2275 416 2338 ratione
432 2273 598 2338 abhorruit
613 2273 789 2338 Feurlinus.
837 2273 1035 2351 Quaeramus
1051 2273 1160 2354 igitur,
1184 2293 1258 2337 num

222 2385 321 2450 Cebes
345 2385 523 2450 Socraticus
546 2387 674 2462 vixerit,
704 2403 764 2465 quo
787 2391 929 2467 ternpore
952 2385 1093 2450 Platonis
1116 2387 1160 2450 illi
1185 2386 1257 2449 libri

221 2497 298 2562 editi
321 2503 403 2562 sunt.
450 2498 555 2577 Atque
578 2498 604 2561 si
627 2495 721 2560 fidem
742 2498 927 2563 habebimus
949 2497 1099 2579 Dionysio
1114 2498 1259 2563 Halicar-

222 2611 366 2674 nassensi
390 2611 442 2708 (de
473 2629 573 2691 comp.
603 2610 688 2675 verb.
713 2630 743 2692 p.
769 2610 860 2689 208),
892 2609 1029 2675 Senecae
1052 2611 1114 2692 (ep.
1139 2609 1258 2693 5831),
1311 2629 1314 2635 ’

224 2721 368 2786 Ciceroni
392 2722 446 2802 (de
468 2728 585 2787 senect.
610 2725 712 2802 5,l3),
736 2724 789 2804 qui
813 2730 911 2788 testas
934 2729 1008 2787 sunt
1030 2723 1194 2789 Platonem
1218 2729 1259 2789 80

223 2836 271 2900 vel
293 2840 331 2898 81
358 2853 455 2900 annos
472 2839 592 2913 natum,
617 2835 636 2898 i.
653 2853 679 2899 e.
698 2853 727 2899 a.
753 2838 815 2899 348
832 2836 879 2900 vel
898 2831 992 2914 347²)
1007 2837 1074 2900 vito
1089 2836 1260 2901 decessisse

223 2965 260 3010 ac
274 2948 302 3012 si
318 2947 490 3028 Diogenem
508 2948 671 3012 Laertium
686 2946 749 3024 (ΙΙΙ
768 2949 833 3026 37),
849 2947 976 3012 Suidam
993 2944 1036 3026 (v.
1048 2943 1259 3030 φιλόσοφος),

224 3065 384 3124 auctorem
399 3060 570 3141 prolegom.
588 3060 805 3141 philosophiae
820 3059 1002 3124 Platonicae
1018 3065 1057 3138 (c.
1075 3057 1133 3140 24)
1150 3077 1259 3140 seque-

224 3188 310 3249 mur,
339 3171 393 3251 qui
416 3172 555 3252 produnt
577 3171 708 3237 Platone
731 3177 853 3236 mortuo
876 3171 1057 3253 Philippum
1086 3172 1259 3254 Opuntium

225 3282 321 3347 libros
343 3283 382 3348 de
405 3283 527 3366 legibus
551 3285 687 3367 scriptos
709 3285 856 3363 edidisse,
879 3284 948 3350 fieri
971 3304 1033 3350 non
1052 3287 1170 3368 poterit
1184 3287 1259 3366 quin

225 3394 413 3475 dubitemus,
436 3416 511 3461 num
534 3398 574 3476 ei,
597 3400 652 3478 qui
674 3399 783 3480 paucis
806 3399 899 3463 annis
922 3405 994 3478 post
1016 3397 1156 3463 Socratis
1179 3415 1260 3462 mor·

225 3511 288 3572 tem
300 3509 380 3572 -si
395 3515 484 3574 recte
499 3528 597 3591 supra
608 3530 638 3592 p.
650 3515 669 3574 8
681 3511 882 3593 exposuimus
893 3543 935 3556 -
944 3528 1006 3575 non
1015 3512 1118 3576 minor
1125 3509 1261 3592 qnadra-

313 3713 338 3780 ¹)
357 3712 472 3766 Dissert.
493 3713 525 3768 dc
545 3713 610 3768 (leb.
629 3713 695 3766 Tab.
717 3715 836 3768 Zviccav.
875 3717 1053 3769 raro-1822.

312 3799 337 3866 Ι)
355 3799 416 3854 Non
435 3800 513 3868 plane
531 3801 601 3856 inter
615 3815 642 3854 sa
655 3802 823 3856 consentiunt
840 3809 944 3856 veteres
957 3802 989 3856 de
1000 3803 1087 3870 primo
1099 3807 1126 3855 et
1137 3816 1261 3868 supremo

230 3885 351 3940 Platonis
369 3902 453 3954 anno;
472 3888 519 3942 sed
538 3895 631 3942 nostra
648 3888 804 3956 disceptatio
822 3889 870 3942 illa
887 3889 1048 3944 dissensione
1066 3905 1118 3941 non
1135 3888 1262 3954 tangitur.

225 3970 266 4023 De
285 3971 364 4026 variis
384 3983 503 4026 veterum
523 3974 664 4028 sententiis
682 3974 716 4028 ef.
735 3974 832 4041 Zeller,
851 3973 892 4026 die
911 3973 980 4027 l'hil.
1000 3972 1025 4026 d.
1045 3972 1177 4027 (lriechen
1197 3973 1262 4043 111,

226 4060 276 4112 338
294 4075 334 4126 sq.
352 4059 413 4114 edit.
433 4063 456 4112 8.
