3124 4870
683 324 918 384 —120-

283 483 394 556 ἀδικεῖ
429 489 491 573 μὲν
527 489 583 555 καὶ
625 493 858 582 δικαιοπραγεῖ
893 485 974 555 ὅταν
1016 485 1117 555 ἑκών
1153 514 1201 566 τις
1239 483 1323 555 αάπδι

281 597 407 686 πράττῃ
421 651 428 667 .
442 650 470 667 ..
502 596 647 685 ἀδίκημα
676 590 716 686 δὴ
741 601 796 666 καὶ
820 599 1090 686 δικαιοπράγημα
1114 598 1251 686 ὥρισται
1276 605 1322 690 τῷ

283 713 424 803 ἑκουσίῳ
452 713 507 779 καὶ
535 708 693 802 ἀκονσίςο.
729 715 796 780 ibid
822 735 853 797 p.
880 721 1007 781 treta:
1036 707 1078 780 οά
1108 709 1172 798 γὰρ
1198 707 1324 780 ταύτὸν

281 821 318 891 τὸ
341 822 460 892 ιάδικα
482 822 639 908 πράιπειν
661 829 706 914 τῷ
731 819 945 892 ἀδικεῖν.
978 819 1101 910 ὁμοίως
1129 823 1166 891 δὲ
1192 825 1247 891 καὶ
1271 825 1323 891 ἐπὶ

281 941 342 1002 aori
367 940 627 1020 δικαιοπραγεῖν.
673 939 785 1020 ltaque
804 939 832 1002 si
854 939 953 1003 ullum
969 938 1110 1003 Tabulae
1133 939 1321 1004 vocabulum

281 1051 321 1115 ad
345 1046 597 1133 disquisitionem
620 1057 761 1116 nostram
777 1070 925 1132 magnum
949 1049 1043 1116 affert
1058 1057 1264 1130 momentum,
1287 1051 1319 1114 id

281 1169 365 1228 certe
388 1170 437 1228 est
460 1163 538 1227 illud
563 1165 828 1246 δικαιοπραγεῖν,
856 1164 939 1244 quod
969 1163 1123 1244 originem
1146 1163 1281 1227 traxerit
1304 1180 1323 1224 a

281 1275 462 1340 discrimine
491 1275 517 1339 si
548 1275 650 1338 minus
681 1275 722 1338 ab
745 1274 917 1340 Aristotele
943 1275 1087 1353 invento,
1115 1279 1258 1339 attamen
1282 1274 1322 1339 ab

280 1406 317 1452 eo
340 1388 441 1467 prino
465 1390 556 1470 quasi
583 1389 615 1451 in
638 1388 868 1468 philosophiam
898 1388 1077 1452 introducto
1101 1393 1133 1451 et
1155 1386 1322 1453 verborum

281 1502 393 1564 δίκαια
423 1495 581 1583 πράττειν
609 1507 642 1565 et
665 1502 916 1583 δικαιοπραγεῖν
947 1500 1131 1565 diversitate
1162 1500 1321 1564 denotato

281 1612 465 1677 Utebantur
481 1613 594 1677 deinde
609 1612 667 1675 hoc
687 1612 839 1676 vocabulo
856 1612 1022 1690 Diodorus,
1046 1611 1246 1690 Plutarchus,
1269 1611 1323 1691 qui

281 1724 407 1805 saepius
430 1725 461 1787 id
486 1723 658 1788 adhibebat
678 1724 815 1806 itemque
831 1725 1033 1789 substantiva
1050 1718 1322 1805 δικαιοπράγημα

281 1840 314 1899 et
338 1837 573 1918 δικαιοπραγία
597 1837 627 1899 in
651 1855 738 1900 usum
761 1836 894 1900 vocavit.
938 1835 1039 1912 Quam
1062 1835 1252 1900 Aristoteles
1273 1835 1323 1899 his

281 1948 386 2012 verbis
410 1950 541 2013 subesse
570 1948 712 2013 voluerat
739 1949 954 2030 angustiorem
986 1947 1261 2028 significationem,
1285 1965 1323 2012 ea

281 2060 436 2140 paulatim
465 2061 634 2125 obliterata
662 2065 723 2139 est,
748 2062 793 2125 ita
823 2067 859 2124 ut
883 2062 1135 2143 δικαιοπραγεῖν
1165 2060 1246 2124 idem
1270 2059 1324 2122 de-

280 2173 385 2252 signet
408 2171 490 2252 quod
518 2174 630 2236 δίκαια
652 2168 818 2253 πράττειν.
870 2173 964 2236 Velut
988 2172 1143 2252 Diogenes
1167 2172 1323 2250 Laertius,

282 2284 337 2348 ubi
361 2284 399 2348 de
422 2283 554 2350 Platone
577 2285 722 2365 exponit,
747 2289 780 2363 3,
794 2289 849 2362 83,
865 2289 901 2349 91
929 2283 977 2348 bis
1000 2292 1153 2365 tanquam
1176 2304 1215 2349 ex
1238 2285 1323 2348 illius

282 2397 441 2461 sententIa
454 2397 581 2478 scripsit
594 2398 847 2479 δικαιοπραγεῖν
859 2414 916 2476 pro
929 2396 983 2460 illo
997 2398 1108 2460 δίκαια
1123 2391 1280 2479 nodaretur
1287 2395 1322 2474 ²).

368 2503 512 2589 δύναμις
537 2513 624 2588 14,3;
658 2513 747 2586 19,1;
780 2513 852 2586 19,4
880 2507 925 2571 ita
948 2513 1133 2588 usurpatur,
1164 2514 1199 2572 ut
1222 2508 1321 2586 signi-

279 2617 352 2683 ficet
379 2621 646 2684 medicamentum
673 2620 721 2682 vel
749 2620 919 2701 potionem.
969 2621 1019 2685 lta
1050 2619 1109 2684 hoc
1132 2620 1321 2684 vocabulum

279 2738 407 2813 praeter
429 2731 567 2796 medicos
589 2732 754 2796 usitabant
777 2731 932 2797 Diodorus
961 2737 994 2796 et
1015 2731 1214 2797 Plutarchus.
1261 2733 1322 2798 Sed

280 2845 385 2911 nescio
417 2863 457 2909 an
487 2843 718 2925 significatione
748 2845 911 2909 abstracta
939 2846 1041 2926 accipi
1070 2845 1186 2924 possit,
1218 2851 1254 2910 ut
1281 2847 1324 2910 sit

287 2958 352 3040 ,vis
376 2975 471 3022 verae
494 2957 663 3021 eruditioni
687 2957 889 3021 inhaerens“.
941 2956 1127 3022 Necessario
1154 2957 1200 3022 ita
1227 2958 1323 3023 iuter.

281 3070 471 3152 protundum
488 3075 536 3134 est
553 3073 637 3147 22,1,
654 3068 707 3133 ubi
723 3068 894 3133 Bealitudo
911 3069 1026 3133 dicitur
1042 3087 1106 3148 eos,
1129 3069 1183 3149 qui
1198 3070 1237 3134 ad
1253 3088 1322 3134 eam

282 3183 509 3260 ascenderunt,
538 3199 689 3246 coronare
715 3183 755 3264 τῇ
785 3178 904 3263 ἑαυτῆς
932 3175 1081 3263 δυνάμει,
1132 3182 1190 3246 Est
1218 3189 1323 3247 autem

281 3295 338 3359 illa
362 3295 411 3358 vis
431 3294 646 3358 Beatitudiuis
662 3292 801 3358 effectrix
817 3294 1024 3359 beatitudinis
1041 3292 1153 3376 (23,4).
1200 3289 1324 3359 Dixeris

284 3425 355 3470 cum
378 3407 517 3486 imagine
539 3425 602 3471 non
623 3407 803 3485 convenire,
826 3407 910 3486 quod
932 3406 1073 3473 homines
1096 3407 1243 3472 bibentes
1266 3405 1325 3471 fin-

284 3524 402 3601 gantur
424 3538 486 3583 nou
513 3519 682 3600 potionem,
707 3519 763 3584 sed
785 3519 848 3582 vim
869 3521 907 3598 ei,
931 3521 985 3599 qui
1006 3518 1138 3601 praebet
1153 3519 1323 3601 potionem,

373 3743 394 3810 1)
413 3743 445 3797 in
457 3742 604 3796 Stoicorum
618 3741 740 3809 reliquiis
752 3740 840 3795 adhuc
851 3739 952 3794 frustra
965 3741 1030 3794 haec
1043 3741 1175 3795 vocabula
1194 3740 1323 3880 qrgcesivh

382 3844 444 3882 uam
464 3830 514 3882 Plu
544 3829 626 3882 rchus
650 3827 681 3881 de
705 3827 784 3882 Stoic.
807 3843 864 3881 re.
908 3830 1039 3880 .1041a:
1063 3825 1113 3879 ancl
1162 3821 1191 3880 ’ν
1229 3833 1315 3880 aaut

30 3889 270 4017 ,wlff-
282 3838 553 3983 zizininmocdviic
576 3905 739 3980 ἀποδείξεσι
758 3845 1074 3981 ltpaapdpxeonanoc)
1098 3847 1188 3981 ῥηάἀς
1206 3905 1250 3967 ὅτι
1268 3847 1326 3966 ndi

283 3995 458 4070 κατόρθωμα
472 3999 521 4053 καὶ
535 3992 685 4068 εάνόμημα
698 3999 747 4054 καὶ
760 3993 990 4068 δικαιοπράγημά
1005 3993 1070 4068 ἐστι,
1084 4000 1169 4068 ipsius
1181 4001 1325 4070 Chrysippi

282 4088 364 4147 verbs
382 4087 496 4142 reddere
514 4088 626 4142 videtur.
