3132 4874
611 321 825 381 ..51-

201 489 309 556 iubeat
331 506 379 570 ea,
403 505 484 570 quae
499 487 640 556 Fortuna
661 487 801 570 praehet,
824 487 933 568 accipi.
970 487 1101 552 Minime
1123 487 1182 554 hoc
1197 507 1236 554 en

201 600 390 684 Cynicorum
421 601 590 668 sententia.
645 600 691 666 Ut
725 601 809 668 enim
844 599 1051 666 concedamus
1084 599 1235 682 plurimos

201 713 401 780 Antisthenis
424 719 598 780 sectatores
619 712 677 778 hoc
700 713 732 778 in
755 731 790 778 re
812 712 949 778 leniores
971 711 1069 777 fuisse
1086 711 1234 791 Diogene,

200 826 254 908 qui
270 825 435 891 contendit
456 820 536 909 μήτε
558 823 596 890 ἐν
610 821 704 890 πόλει
721 828 866 913 πλουσίᾳ
889 819 969 908 μήτε
991 823 1028 890 ἐν
1051 825 1140 912 οἰκίᾳ
1162 815 1236 905 ἀρε-

200 929 263 1020 τὴν
286 938 391 1002 oleato
413 932 585 1003 δύνασθαι
595 936 634 1019 ¹),
657 937 688 1002 id
711 943 818 1003 tamen
841 956 1059 1019 quaecumque
1081 937 1121 1002 de
1144 935 1237 1020 Cyni·

202 1067 309 1116 corum
330 1051 397 1116 vita
419 1051 623 1132 moribusque
644 1051 765 1116 tradita
788 1057 863 1116 sunt
885 1051 1056 1131 declarant,
1079 1049 1238 1116 studuisse

202 1179 257 1228 eos
287 1181 307 1227 a
335 1163 518 1229 diuitiarum
549 1163 750 1244 possessione
771 1181 865 1244 quam
897 1165 1031 1230 maxime
1052 1169 1183 1246 possent
1205 1181 1239 1228 se

202 1275 348 1357 expedire
363 1276 522 1357 vitamque
544 1273 578 1338 in
601 1292 726 1341 summa
748 1281 936 1357 paupertate
952 1277 1075 1358 degere,
1098 1294 1162 1358 qua
1185 1293 1239 1341 eos

201 1388 256 1469 qui
278 1387 320 1453 ad
341 1389 491 1453 uirtutem
513 1388 669 1467 nituntur,
693 1387 837 1453 adiuvari
859 1389 1076 1455 existimarent
1084 1386 1120 1471 ²).
1157 1387 1240 1454 Huic

204 1499 392 1584 Cynicorum
421 1499 600 1566 sententiae
630 1517 753 1581 oppone
781 1518 862 1581 quae
885 1499 1006 1567 Seneca
1032 1500 1174 1582 disputat
1200 1499 1240 1565 de

204 1612 259 1678 rit.
281 1612 366 1679 beet.
389 1616 428 1677 21
453 1631 518 1693 en,
541 1631 590 1694 ep.
615 1617 645 1692 5,
667 1629 811 1693 quaeque
833 1611 988 1679 Stohaeus
1011 1613 1068 1680 ecl.
1090 1613 1153 1685 eth,
1180 1617 1241 1678 174

204 1742 234 1804 p.
257 1729 299 1789 43
326 1723 433 1805 Mein,
457 1724 615 1806 Diogenes
637 1724 785 1790 Laertius
810 1724 870 1790 Vll
897 1731 956 1791 106
980 1726 1111 1793 tradunt
1134 1725 1173 1792 de
1194 1726 1242 1791 di·

205 1836 290 1900 uitiis
312 1854 332 1901 a
352 1834 467 1902 Stoicis
489 1837 523 1901 in
544 1838 737 1919 praepositis
753 1857 834 1920 quae
847 1839 996 1904 dicuntur
1019 1836 1241 1920 numeratis³):

205 1948 266 2012 ianr
294 1947 353 2014 tihi
380 1949 584 2030 persuadebis
602 1949 779 2017 Stoicorum
806 1951 911 2033 potius
938 1969 1033 2034 quam
1056 1949 1242 2035 Cynicorum

204 2060 355 2142 dogmata
378 2060 485 2128 Gebeti
507 2063 674 2144 placuisse.

489 2235 524 2317 β)
546 2237 595 2300 De
617 2235 796 2301 litterarum
818 2237 962 2302 scientia.

293 2358 421 2437 Eorum,
445 2359 552 2440 quide
574 2359 670 2422 rebus
685 2360 825 2424 externis
847 2364 931 2424 recte
951 2358 1104 2439 sentiunt,
1128 2379 1244 2442 magna

206 2487 280 2550 pars
302 2469 366 2534 alio
388 2470 523 2552 quodam
547 2487 655 2535 errore
678 2470 831 2536 obstricta
853 2477 994 2538 tenetur:
1022 2477 1138 2554 putant
1160 2473 1244 2539 enim

206 2581 385 2646 litterarum
408 2582 513 2647 studio
534 2600 642 2647 veram
666 2581 749 2647 effici
771 2583 992 2649 eruditionem.
1035 2585 1078 2649 Hi
1100 2590 1176 2652 sunt
1197 2586 1244 2651 illi

213 2696 481 2772 Ψευδοπαιδείας
511 2698 684 2772 amatores,
714 2695 769 2777 qui
802 2703 1086 2762 commemorantur
1118 2703 1157 2762 13
1181 2717 1243 2780 sq.;

208 2812 285 2888 23,2
308 2826 366 2890 sq,
390 2808 422 2872 in
445 2807 559 2890 quibus
581 2812 787 2872 numerantur
808 2814 930 2890 poetae,
954 2809 1107 2890 rhetores
1130 2810 1246 2876 dialec-

207 2921 272 3000 tici,
297 2921 422 3001 musici,
453 2921 660 3000 arithmetici,
689 2926 882 3000 geometrae,
905 2922 1073 3002 astrologi,
1100 2921 1245 3001 critici⁴).

208 3025 380 3034 ——-

297 3058 319 3126 ¹)
337 3059 370 3112 ct.
390 3057 462 3113 Stob.
481 3058 540 3114 flor.
559 3059 603 3126 93,
621 3057 663 3114 35.
699 3055 789 3110 Simile
807 3055 840 3109 de
862 3056 932 3110 bona
950 3057 1022 3111 fama
1039 3058 1165 3114 iudicium
1182 3058 1246 3114 iecit

208 3145 381 3198 Antisthenes
400 3145 488 3214 (Diog.
508 3145 599 3198 Laert.
617 3143 699 3210 6,ll):
718 3136 769 3210 τήν
787 3160 817 3195 τε
836 3133 956 3209 αἀλοξίαν
975 3135 1098 3212 ἀγαθόν.

297 3227 318 3298 ²)
336 3231 468 3299 Diogenes
485 3230 558 3300 apud
576 3229 645 3284 Stoc.
658 3227 716 3283 flor.
730 3229 772 3294 95,
794 3231 893 3295 11,19;
913 3229 1006 3285 Grates
1025 3231 1098 3300 apud
1112 3231 1245 3299 Epiphan.

210 3331 272 3385 exp.
290 3315 335 3372 fid.
355 3319 455 3372 10890:
474 3311 643 3384 ἐλευθερίας
660 3311 734 3367 εἶναι
750 3307 803 3381 τὴν
817 3305 1026 3384 ἅντημοσόνην.
1064 3315 1105 3371 Ot'.
1123 3333 1192 3386 quae
1215 3317 1247 3372 de

209 3405 328 3472 Diogene
346 3411 373 3460 et
391 3404 424 3460 de
443 3407 551 3461 Cratete
569 3410 663 3457 narrat
680 3402 812 3470 Diogenes
830 3402 955 3458 Laertius
973 3405 1011 3457 VI
1029 3406 1072 3459 87.

297 3490 322 3559 ³)
341 3491 413 3546 Idem
439 3493 471 3548 de
490 3493 597 3546 Zenone
621 3490 764 3544 memoriae
787 3489 901 3544 tradidit
925 3491 1080 3546 Athenaeus
1098 3491 1136 3546 VI
1158 3492 1246 3545 asab:

210 3571 309 3646 λήνων
326 3574 358 3632 δὲ
373 3617 379 3630 .
393 3617 419 3634 ..
437 3573 533 3633 πάντα
551 3565 638 3629 τᾶλλα
657 3569 729 3643 πλὴν
747 3575 798 3628 τοῦ
823 3577 948 3645 νομίμως
971 3569 1072 3639 αὐτοῖς
1089 3577 1139 3631 καλ
1157 3578 1249 3636 καλῶς

208 3665 332 3732 χρῆσθαι
360 3665 478 3731 νομίσας
504 3656 653 3732 ἀδιάφορα
680 3655 732 3732 τὴν
759 3657 812 3730 μὲν
840 3653 928 3731 εὐχὴν
955 3655 1051 3716 αὐτῶν
1077 3662 1127 3717 καλ
1154 3654 1252 3730 φανὴν

210 3743 351 3818 ἀπειπών,
369 3745 421 3819 τὴν
438 3754 537 3821 χρῆσιν
556 3746 588 3802 δὲ
606 3750 662 3802 σοῖν
680 3750 764 3804 λιτῶν
783 3748 832 3803 καλ
850 3741 1007 3817 ἄπερίττων
1029 3742 1255 3818 προηγουμένως

209 3840 356 3890 ποιεῖσθαι
378 3831 576 3904 προστάσσων,
601 3827 679 3898 ὅπως
704 3829 778 3904 ἀδεῆ
803 3833 852 3889 καὶ
877 3828 1053 3904 ἀθαύμαστον
1078 3825 1150 3902 πρὸς
1168 3819 1256 3883 τᾶλλα

208 3915 261 3990 τὴν
279 3923 412 3976 δίαθεσιν
430 3925 480 3993 τῆς
498 3923 595 3991 φακῆς
614 3918 729 3990 ἔχοντες
748 3919 780 3974 ολ
796 3915 948 3990 ἅνθρωποι
962 3959 968 3974 .
982 3960 1009 3975 ..

296 4005 317 4076 ⁴)
336 4008 377 4060 De
402 4008 604 4066 Hedouicorum
632 4015 659 4062 et
685 4007 928 4076 Peripateticorum
956 4004 1209 4062 commemoratione
1234 4019 1261 4056 r.

210 4109 293 4165 supra
311 4110 337 4164 p.
356 4097 387 4150 17
406 4109 447 4164 sq.

995 4179 1036 4250 4*
