3132 4874
733 318 944 376 ,44-

319 506 381 553 non
405 506 472 552 esse
495 506 530 552 ea
554 507 591 553 ex
615 507 649 554 re
672 488 843 569 colligitur,
866 485 948 568 quod
971 485 1114 550 homines
1137 485 1175 550 iis
1198 502 1260 549 non
1276 484 1355 550 fiant

318 600 443 664 virtutis
459 599 631 680 studiosi¹),
655 602 724 682 ipsa
744 618 867 680 quoqne
890 597 1065 662 Stoicorum
1087 597 1211 661 videtur
1226 597 1355 677 propria

318 711 422 776 fuisse.
475 711 564 776 Unus
598 713 673 776 mihi
706 711 788 792 apud
820 708 1060 789 Xenophontem
1095 709 1180 773 locus
1215 709 1353 788 obvenit,

317 842 409 905 quern
425 825 527 903 primo
544 825 657 889 obtutu
676 823 738 887 huc
753 821 911 903 pertinere
927 819 1099 884 arbitreris
1121 819 1354 901 Euthydemus

317 936 400 999 enirn
430 936 554 1014 (comm.
584 941 613 1014 4,
629 940 661 1014 2,
676 936 708 1014 9)
737 938 905 1014 propterea
935 929 1133 996 collaudatur
1163 949 1181 994 a
1213 931 1353 1010 Socrate,

317 1045 400 1128 quod
429 1046 605 1125 sapientiae
637 1065 698 1110 non
731 1044 949 1124 anteposuerit
972 1061 1060 1125 opes;
1094 1042 1146 1106 ubi
1175 1043 1220 1106 sic
1249 1044 1355 1124 pergit

317 1156 476 1222 Socrates:
503 1158 607 1240 δῆλον
629 1150 694 1240 γὰρ
718 1151 768 1220 ὅτι
791 1159 934 1238 νομίζεις
957 1147 1120 1238 ἀργύριον
1139 1151 1195 1217 καὶ
1214 1156 1355 1236 χρυσίον

318 1261 419 1332 οὐδὲν
450 1271 600 1350 βελτίους
632 1280 741 1333 ποιεῖν
773 1260 853 1343 τοὺς
881 1260 1100 1348 ἀνθρώπους,
1134 1259 1192 1341 τὰς
1221 1263 1258 1329 db
1285 1268 1355 1329 τῶν

317 1383 435 1463 σοφῶν
446 1374 582 1464 ἀνδρῶν
593 1372 1354 1465 γνώμαςἀρετῇπλουτίζειντούςιιειιτημένους.

317 1493 358 1556 ht
374 1510 470 1572 quam
493 1493 586 1571 longe
602 1493 679 1556 haec
695 1492 812 1556 absunt
827 1511 847 1556 a
863 1492 975 1556 stricta
990 1491 1045 1554 illa
1062 1489 1354 1570 argumentatione!

316 1603 364 1667 Ne
388 1604 482 1668 verbo
498 1604 624 1685 quidem
633 1595 816 1683 ‘Xenophon
835 1604 911 1668 dicit
930 1621 999 1667 eam
1013 1600 1095 1666 effici
1112 1601 1353 1679 conclusionem,

318 1719 351 1778 nt
371 1714 500 1778 divitiae
523 1715 554 1778 in
578 1715 669 1779 bonis
685 1733 746 1778 non
764 1715 829 1780 sint
844 1713 1066 1778 numerandae.
1100 1713 1211 1793 Neque
1227 1712 1353 1792 mirum,

317 1827 342 1890 si
356 1825 545 1906 cogitaveris
562 1826 599 1890 de
612 1845 659 1906 eo,
675 1827 759 1908 quod
770 1827 943 1907 Xenophon
956 1826 994 1889 de
1006 1825 1124 1890 divitiis
1140 1823 1224 1903 fecit,
1238 1824 1354 1888 iudicio

317 1956 334 1999 a
359 1936 475 2002 Cebete
502 1937 787 2034 plane‘diverao2).
833 1939 924 2003 Unda
948 1937 1147 2001 ratiocinatio
1176 1937 1229 2000 illa
1252 1936 1355 2017 petita

316 2051 373 2131 sit,
401 2069 464 2114 non
488 2050 664 2130 dubitabis,
695 2052 721 2114 si
745 2051 883 2115 cumeis
907 2069 974 2114 eam
999 2048 1243 2130 comparaveris,
1271 2064 1354 2126 quae

317 2180 354 2226 ex
371 2162 574 2228 sollemnibus
591 2163 765 2227 Stoicorum
790 2162 1102 2246 interrogatiunculis
1120 2161 1238 2226 Seneca
1260 2157 1355 2223 affert

318 2292 366 2354 ep.
393 2279 444 2354 et,
472 2280 525 2338 12:
555 2275 644 2351 Quod
673 2275 788 2338 bonum
813 2281 874 2353 est,
902 2275 1000 2339 bonos
1024 2274 1160 2338 iacit...
1206 2271 1354 2336 Fortuita

316 2387 432 2450 bonum
455 2404 516 2450 non
540 2385 674 2451 faciunt:
699 2404 774 2467 ergo
798 2406 861 2449 non
884 2393 956 2452 sunt
979 2388 1070 2451 bona.

403 2498 544 2562 Tertium
579 2505 801 2578 argumentum
840 2519 878 2563 eu
911 2518 970 2564 usu
1004 2499 1184 2564 divitiarum
1218 2494 1351 2576 petitum

316 2609 482 2690 (eut-5)
506 2611 544 2674 de
560 2610 599 2675 iis
615 2611 772 2690 admonet,
796 2630 886 2692 quae,
911 2611 1193 2676 Pseudo-Platonis
1216 2607 1352 2689 Eryxiae

316 2721 428 2797 (397d
453 2721 513 2803 sq.)
546 2725 573 2786 si
605 2721 697 2786 fidem
725 2724 891 2802 habemus,
924 2724 1073 2788 Prodicus
1104 2721 1277 2802 disputavit
1314 2720 1352 2783 de

315 2835 537 2900 aestimatione
560 2836 750 2900 divitiarum.
790 2837 821 2901 Is
845 2844 952 2901 tamen
976 2833 1054 2901 satis
1077 2835 1166 2899 duxit
1186 2831 1352 2897 ostendere

315 2946 442 3012 divitias
458 2947 507 3027 iia,
524 2949 577 3030 qni
593 2949 673 3014 bane
690 2949 728 3012 iis
744 2949 792 3013 uti
808 2949 920 3025 sciant,
945 2948 1037 3029 bona,
1054 2949 1103 3024 iia,
1127 2947 1180 3027 qui
1196 2943 1350 3022 nesciant,

314 3060 396 3122 mala
419 3078 501 3139 esse,
532 3078 632 3141 nequo
656 3080 692 3126 eo
720 3079 907 3142 progressus
930 3067 993 3139 est,
1016 3066 1052 3125 ut
1075 3077 1164 3140 epea,
1194 3074 1265 3122 cum
1288 3074 1351 3120 non

314 3177 346 3235 et
369 3173 451 3236 bona
481 3178 513 3237 et
535 3174 618 3238 mala
642 3193 711 3240 esse
733 3180 876 3254 possent,
909 3192 1008 3254 neque
1036 3174 1119 3237 bona
1141 3189 1242 3250 neque
1266 3167 1351 3232 mala

314 3301 384 3348 esse
407 3284 614 3364 praedicaret.
669 3286 803 3366 Propius
832 3286 872 3350 ad
894 3285 1200 3366 argumentationem
1224 3279 1350 3345 Cebetis

316 3423 489 3433 ——ma—

401 3491 427 3560 1)
447 3491 614 3544 Vocabulum
640 3493 711 3559 quod
734 3499 775 3546 est
797 3493 955 3554 σπουδαῖος
977 3490 1138 3546 Schmidtius
1160 3488 1260 3556 (Ethik
1283 3487 1308 3540 d.
1326 3502 1351 3542 a.

315 3579 448 3632 Griechen
467 3577 478 3629 1
497 3594 523 3645 p.
542 3580 606 3645 335)
626 3586 716 3632 monet
734 3578 768 3632 ab
782 3578 925 3633 Aristotele
946 3579 983 3632 ita
996 3578 1145 3632 adhibitum
1160 3591 1225 3643 esse,
1243 3583 1273 3628 ut
1290 3589 1350 3642 per·

312 3665 411 3718 tineret
433 3663 468 3717 ad
491 3663 686 3718 substantivum
710 3656 804 3733 ἀρετή,
848 3665 926 3719 Ηιιοο
950 3681 1026 3719 usum
1048 3664 1128 3718 Stoici
1150 3663 1271 3716 uidentur
1294 3677 1350 3715 esse

313 3751 423 3819 imitati,
446 3749 576 3805 Stobaeus
594 3751 699 3819 quidem
718 3753 776 3817 (ecl.
795 3753 849 3805 eth.
872 3770 899 3821 p.
919 3754 952 3806 54
969 3751 1107 3820 Meineke)
1126 3752 1192 3803 haec
1210 3749 1351 3804 memoriae

312 3836 437 3889 tradidit:
456 3827 570 3904 ἀρέσκει
588 3830 696 3908 γὰρτῷ
714 3856 743 3890 τε
769 3831 879 3904 Ζήνωνι
890 3837 939 3890 καὶ
950 3843 1011 3899 τοῖς
1029 3829 1076 3890 ἀπ’
1095 3828 1204 3889 αντοῦν
1223 3841 1351 3896 στωικοῖς

312 3915 483 3990 φιλοσόφοις
496 3919 549 3975 δύο
563 3919 632 3991 γένη
644 3924 700 3976 τῶν
713 3914 875 3992 ἀνθρώπων
893 3921 976 3992 εἶναι,
994 3917 1025 3977 τὰ
1039 3919 1091 3991 μὲν
1109 3923 1165 3975 τῶν
1178 3923 1350 3988 σπουδαίων,

311 4000 342 4058 τὸ
362 4002 394 4059 δὲ
412 4009 469 4060 τῶν
487 4003 614 4077 φαύλων.

399 4094 424 4164 ²)
443 4095 477 4147 ol.
495 4110 577 4164 supra
594 4113 620 4163 p.
640 4099 682 4152 40.
