<?xml version="1.0" encoding="UTF-8"?>
<!DOCTYPE html PUBLIC "-//W3C//DTD XHTML 1.0 Transitional//EN"
    "http://www.w3.org/TR/xhtml1/DTD/xhtml1-transitional.dtd">
<html xmlns="http://www.w3.org/1999/xhtml" xml:lang="en" lang="en">
 <head>
  <title>
</title>
<meta http-equiv="Content-Type" content="text/html;charset=utf-8" />
  <meta name='ocr-system' content='tesseract 3.04.00' />
  <meta name='ocr-capabilities' content='ocr_page ocr_carea ocr_par ocr_line ocrx_word'/>
</head>
<body>
  <div class='ocr_page' id='page_1' title='image "./cebetistabulaqu00praegoog_0029.png"; bbox 0 0 3132 4874; ppageno 0'>
   <div class='ocr_carea' id='block_1_1' title="bbox 751 343 966 402">
    <p class='ocr_par' dir='ltr' id='par_1_1' title="bbox 751 343 966 402">
     <span class='ocr_line' id='line_1_1' title="bbox 751 343 966 402; baseline -0.009 -18"><span class='ocrx_word' id='word_1_1' title='bbox 751 343 966 402; x_wconf 72' lang='lat' dir='ltr'>..lg-</span> 
     </span>
    </p>
   </div>
   <div class='ocr_carea' id='block_1_2' title="bbox 333 509 1377 1830">
    <p class='ocr_par' dir='ltr' id='par_1_2' title="bbox 333 509 1377 1830">
     <span class='ocr_line' id='line_1_2' title="bbox 338 509 1377 591; baseline -0.001 -16"><span class='ocrx_word' id='word_1_2' title='bbox 338 510 450 575; x_wconf 90' lang='lat' dir='ltr'>tollere</span> <span class='ocrx_word' id='word_1_3' title='bbox 473 510 578 576; x_wconf 89' lang='lat' dir='ltr'>conati</span> <span class='ocrx_word' id='word_1_4' title='bbox 600 515 685 576; x_wconf 86' lang='lat' dir='ltr'>sunt.</span> <span class='ocrx_word' id='word_1_5' title='bbox 731 509 821 575; x_wconf 91' lang='lat' dir='ltr'>Unus</span> <span class='ocrx_word' id='word_1_6' title='bbox 837 510 1006 575; x_wconf 87' lang='lat' dir='ltr'>Feurlinns</span> <span class='ocrx_word' id='word_1_7' title='bbox 1029 512 1152 576; x_wconf 85' lang='lat' dir='ltr'>neutris</span> <span class='ocrx_word' id='word_1_8' title='bbox 1175 530 1209 576; x_wconf 90' lang='lat' dir='ltr'>se</span> <span class='ocrx_word' id='word_1_9' title='bbox 1231 511 1377 591; x_wconf 88' lang='lat' dir='ltr'>adiungit</span> 
     </span>
     <span class='ocr_line' id='line_1_3' title="bbox 338 621 1375 704; baseline 0.001 -17"><span class='ocrx_word' id='word_1_10' title='bbox 338 627 434 703; x_wconf 89' lang='lat' dir='ltr'>atque</span> <span class='ocrx_word' id='word_1_11' title='bbox 457 623 620 688; x_wconf 77' lang='lat' dir='ltr'>contendit</span> <span class='ocrx_word' id='word_1_12' title='bbox 636 621 744 688; x_wconf 78' lang='lat' dir='ltr'>(lebeti</span> <span class='ocrx_word' id='word_1_13' title='bbox 760 621 921 689; x_wconf 86' lang='lat' dir='ltr'>Socratico</span> <span class='ocrx_word' id='word_1_14' title='bbox 937 623 1119 689; x_wconf 89' lang='lat' dir='ltr'>Aristotelis</span> <span class='ocrx_word' id='word_1_15' title='bbox 1141 623 1296 688; x_wconf 86' lang='lat' dir='ltr'>familiam</span> <span class='ocrx_word' id='word_1_16' title='bbox 1319 642 1375 704; x_wconf 89' lang='lat' dir='ltr'>po·</span> 
     </span>
     <span class='ocr_line' id='line_1_4' title="bbox 337 734 1377 817; baseline -0.002 -17"><span class='ocrx_word' id='word_1_17' title='bbox 337 735 437 801; x_wconf 91' lang='lat' dir='ltr'>tuisse</span> <span class='ocrx_word' id='word_1_18' title='bbox 468 735 672 800; x_wconf 85' lang='lat' dir='ltr'>innotescere.</span> <span class='ocrx_word' id='word_1_19' title='bbox 719 734 828 816; x_wconf 87' lang='lat' dir='ltr'>Neque</span> <span class='ocrx_word' id='word_1_20' title='bbox 857 736 941 799; x_wconf 93' lang='lat' dir='ltr'>enim</span> <span class='ocrx_word' id='word_1_21' title='bbox 968 740 1128 815; x_wconf 89' lang='lat' dir='ltr'>constare,</span> <span class='ocrx_word' id='word_1_22' title='bbox 1157 735 1271 817; x_wconf 91' lang='lat' dir='ltr'>quibus</span> <span class='ocrx_word' id='word_1_23' title='bbox 1297 741 1377 800; x_wconf 92' lang='lat' dir='ltr'>tem-</span> 
     </span>
     <span class='ocr_line' id='line_1_5' title="bbox 336 847 1375 929; baseline 0.001 -17"><span class='ocrx_word' id='word_1_24' title='bbox 336 847 466 928; x_wconf 85' lang='lat' dir='ltr'>poribus</span> <span class='ocrx_word' id='word_1_25' title='bbox 489 848 770 929; x_wconf 82' lang='lat' dir='ltr'>Peripateticorum</span> <span class='ocrx_word' id='word_1_26' title='bbox 792 854 878 913; x_wconf 88' lang='lat' dir='ltr'>secta</span> <span class='ocrx_word' id='word_1_27' title='bbox 901 849 943 913; x_wconf 91' lang='lat' dir='ltr'>sit</span> <span class='ocrx_word' id='word_1_28' title='bbox 966 849 1108 928; x_wconf 89' lang='lat' dir='ltr'>condita,</span> <span class='ocrx_word' id='word_1_29' title='bbox 1142 868 1212 914; x_wconf 91' lang='lat' dir='ltr'>cum</span> <span class='ocrx_word' id='word_1_30' title='bbox 1233 848 1375 914; x_wconf 83' lang='lat' dir='ltr'>chrono-</span> 
     </span>
     <span class='ocr_line' id='line_1_6' title="bbox 335 943 1374 1042; baseline 0.004 -20"><span class='ocrx_word' id='word_1_31' title='bbox 335 959 434 1041; x_wconf 88' lang='lat' dir='ltr'>logia,</span> <span class='ocrx_word' id='word_1_32' title='bbox 467 977 547 1040; x_wconf 90' lang='lat' dir='ltr'>quae</span> <span class='ocrx_word' id='word_1_33' title='bbox 578 961 611 1024; x_wconf 93' lang='lat' dir='ltr'>in</span> <span class='ocrx_word' id='word_1_34' title='bbox 642 961 900 1042; x_wconf 91' lang='lat' dir='ltr'>philosophorum</span> <span class='ocrx_word' id='word_1_35' title='bbox 931 961 1125 1042; x_wconf 90' lang='lat' dir='ltr'>temporibus</span> <span class='ocrx_word' id='word_1_36' title='bbox 1157 943 1374 1026; x_wconf 78' lang='lat' dir='ltr'>examinandis</span> 
     </span>
     <span class='ocr_line' id='line_1_7' title="bbox 335 1072 1374 1155; baseline 0.002 -22"><span class='ocrx_word' id='word_1_37' title='bbox 335 1076 489 1152; x_wconf 89' lang='lat' dir='ltr'>versatur,</span> <span class='ocrx_word' id='word_1_38' title='bbox 515 1073 644 1137; x_wconf 91' lang='lat' dir='ltr'>minime</span> <span class='ocrx_word' id='word_1_39' title='bbox 667 1074 711 1138; x_wconf 92' lang='lat' dir='ltr'>sit</span> <span class='ocrx_word' id='word_1_40' title='bbox 731 1078 827 1138; x_wconf 87' lang='lat' dir='ltr'>certa.</span> <span class='ocrx_word' id='word_1_41' title='bbox 873 1074 917 1139; x_wconf 91' lang='lat' dir='ltr'>At</span> <span class='ocrx_word' id='word_1_42' title='bbox 932 1073 970 1138; x_wconf 92' lang='lat' dir='ltr'>de</span> <span class='ocrx_word' id='word_1_43' title='bbox 985 1073 1045 1138; x_wconf 90' lang='lat' dir='ltr'>hac</span> <span class='ocrx_word' id='word_1_44' title='bbox 1067 1073 1194 1155; x_wconf 91' lang='lat' dir='ltr'>quidem</span> <span class='ocrx_word' id='word_1_45' title='bbox 1217 1092 1252 1137; x_wconf 90' lang='lat' dir='ltr'>re</span> <span class='ocrx_word' id='word_1_46' title='bbox 1274 1072 1374 1138; x_wconf 92' lang='lat' dir='ltr'>ambi-</span> 
     </span>
     <span class='ocr_line' id='line_1_8' title="bbox 334 1176 1374 1267; baseline 0.004 -21"><span class='ocrx_word' id='word_1_47' title='bbox 334 1201 410 1263; x_wconf 85' lang='lat' dir='ltr'>gere</span> <span class='ocrx_word' id='word_1_48' title='bbox 444 1203 507 1250; x_wconf 94' lang='lat' dir='ltr'>non</span> <span class='ocrx_word' id='word_1_49' title='bbox 538 1203 714 1266; x_wconf 90' lang='lat' dir='ltr'>possumus.</span> <span class='ocrx_word' id='word_1_50' title='bbox 760 1176 879 1267; x_wconf 62' lang='lat' dir='ltr'>lpsum&#39;</span> <span class='ocrx_word' id='word_1_51' title='bbox 901 1186 1104 1252; x_wconf 89' lang='lat' dir='ltr'>Aristotelem</span> <span class='ocrx_word' id='word_1_52' title='bbox 1134 1185 1213 1250; x_wconf 89' lang='lat' dir='ltr'>nihil</span> <span class='ocrx_word' id='word_1_53' title='bbox 1243 1185 1374 1266; x_wconf 90' lang='lat' dir='ltr'>impedit</span> 
     </span>
     <span class='ocr_line' id='line_1_9' title="bbox 334 1295 1374 1380; baseline 0.004 -22"><span class='ocrx_word' id='word_1_54' title='bbox 334 1296 410 1375; x_wconf 92' lang='lat' dir='ltr'>quin</span> <span class='ocrx_word' id='word_1_55' title='bbox 429 1295 538 1362; x_wconf 83' lang='lat' dir='ltr'>Cebeti</span> <span class='ocrx_word' id='word_1_56' title='bbox 554 1303 663 1363; x_wconf 92' lang='lat' dir='ltr'>notum</span> <span class='ocrx_word' id='word_1_57' title='bbox 680 1297 778 1363; x_wconf 87' lang='lat' dir='ltr'>fuisse</span> <span class='ocrx_word' id='word_1_58' title='bbox 795 1305 982 1365; x_wconf 91' lang='lat' dir='ltr'>statuamus.</span> <span class='ocrx_word' id='word_1_59' title='bbox 1027 1298 1151 1380; x_wconf 82' lang='lat' dir='ltr'>Viginti</span> <span class='ocrx_word' id='word_1_60' title='bbox 1166 1297 1249 1362; x_wconf 92' lang='lat' dir='ltr'>enim</span> <span class='ocrx_word' id='word_1_61' title='bbox 1273 1316 1374 1363; x_wconf 90' lang='lat' dir='ltr'>annos</span> 
     </span>
     <span class='ocr_line' id='line_1_10' title="bbox 334 1407 1373 1492; baseline 0.003 -21"><span class='ocrx_word' id='word_1_62' title='bbox 334 1407 387 1472; x_wconf 92' lang='lat' dir='ltr'>ille</span> <span class='ocrx_word' id='word_1_63' title='bbox 418 1408 583 1475; x_wconf 87' lang='lat' dir='ltr'>Platonem</span> <span class='ocrx_word' id='word_1_64' title='bbox 616 1411 748 1476; x_wconf 88' lang='lat' dir='ltr'>audiens</span> <span class='ocrx_word' id='word_1_65' title='bbox 779 1412 914 1477; x_wconf 83' lang='lat' dir='ltr'>Athenis</span> <span class='ocrx_word' id='word_1_66' title='bbox 949 1416 1161 1476; x_wconf 91' lang='lat' dir='ltr'>commoratus</span> <span class='ocrx_word' id='word_1_67' title='bbox 1194 1416 1243 1476; x_wconf 90' lang='lat' dir='ltr'>est</span> <span class='ocrx_word' id='word_1_68' title='bbox 1277 1411 1373 1492; x_wconf 88' lang='lat' dir='ltr'>(teste</span> 
     </span>
     <span class='ocr_line' id='line_1_11' title="bbox 334 1520 1372 1602; baseline 0.001 -17"><span class='ocrx_word' id='word_1_69' title='bbox 334 1520 524 1601; x_wconf 90' lang='lat' dir='ltr'>Apollodoro</span> <span class='ocrx_word' id='word_1_70' title='bbox 534 1523 618 1602; x_wconf 90' lang='lat' dir='ltr'>apud</span> <span class='ocrx_word' id='word_1_71' title='bbox 631 1521 722 1602; x_wconf 86' lang='lat' dir='ltr'>Diog.</span> <span class='ocrx_word' id='word_1_72' title='bbox 733 1522 840 1587; x_wconf 88' lang='lat' dir='ltr'>Laert.</span> <span class='ocrx_word' id='word_1_73' title='bbox 858 1527 909 1602; x_wconf 80' lang='lat'>5,9</span> <span class='ocrx_word' id='word_1_74' title='bbox 926 1541 1025 1588; x_wconf 90' lang='lat' dir='ltr'>annos</span> <span class='ocrx_word' id='word_1_75' title='bbox 1042 1523 1237 1601; x_wconf 77' lang='grc'>367-347).</span> <span class='ocrx_word' id='word_1_76' title='bbox 1262 1521 1372 1587; x_wconf 87' lang='lat' dir='ltr'>Avivo</span> 
     </span>
     <span class='ocr_line' id='line_1_12' title="bbox 333 1633 1371 1716; baseline 0.001 -19"><span class='ocrx_word' id='word_1_77' title='bbox 333 1634 497 1699; x_wconf 86' lang='lat' dir='ltr'>etiamtum</span> <span class='ocrx_word' id='word_1_78' title='bbox 520 1634 654 1698; x_wconf 88' lang='lat' dir='ltr'>Platone</span> <span class='ocrx_word' id='word_1_79' title='bbox 680 1652 752 1698; x_wconf 90' lang='lat' dir='ltr'>eum</span> <span class='ocrx_word' id='word_1_80' title='bbox 775 1633 929 1700; x_wconf 85' lang='lat' dir='ltr'>defecisse</span> <span class='ocrx_word' id='word_1_81' title='bbox 952 1635 1057 1716; x_wconf 91' lang='lat' dir='ltr'>prodit</span> <span class='ocrx_word' id='word_1_82' title='bbox 1072 1635 1265 1716; x_wconf 89' lang='lat' dir='ltr'>Hermippus</span> <span class='ocrx_word' id='word_1_83' title='bbox 1288 1635 1371 1715; x_wconf 91' lang='lat' dir='ltr'>apud</span> 
     </span>
     <span class='ocr_line' id='line_1_13' title="bbox 333 1746 1372 1830; baseline 0.004 -22"><span class='ocrx_word' id='word_1_84' title='bbox 333 1746 424 1826; x_wconf 86' lang='lat' dir='ltr'>Diog.</span> <span class='ocrx_word' id='word_1_85' title='bbox 448 1746 555 1812; x_wconf 88' lang='lat' dir='ltr'>Laert.</span> <span class='ocrx_word' id='word_1_86' title='bbox 581 1751 642 1827; x_wconf 82' lang='lat' dir='ltr'>o,2.</span> <span class='ocrx_word' id='word_1_87' title='bbox 688 1747 748 1812; x_wconf 84' lang='lat' dir='ltr'>Sed</span> <span class='ocrx_word' id='word_1_88' title='bbox 776 1748 858 1813; x_wconf 93' lang='lat' dir='ltr'>idem</span> <span class='ocrx_word' id='word_1_89' title='bbox 880 1749 972 1814; x_wconf 90' lang='lat' dir='ltr'>testis</span> <span class='ocrx_word' id='word_1_90' title='bbox 995 1754 1044 1813; x_wconf 92' lang='lat' dir='ltr'>est</span> <span class='ocrx_word' id='word_1_91' title='bbox 1066 1749 1098 1812; x_wconf 95' lang='lat' dir='ltr'>in</span> <span class='ocrx_word' id='word_1_92' title='bbox 1124 1748 1228 1830; x_wconf 87' lang='lat' dir='ltr'>Lyceo</span> <span class='ocrx_word' id='word_1_93' title='bbox 1251 1746 1372 1813; x_wconf 89' lang='lat' dir='ltr'>scholas</span> 
     </span>
    </p>
   </div>
   <div class='ocr_carea' id='block_1_3' title="bbox 228 1857 1371 1940">
    <p class='ocr_par' dir='ltr' id='par_1_3' title="bbox 228 1857 1371 1940">
     <span class='ocr_line' id='line_1_14' title="bbox 228 1857 1371 1940; baseline 0.003 -19"><span class='ocrx_word' id='word_1_94' title='bbox 228 1888 232 1896; x_wconf 92' lang='lat'>·</span> <span class='ocrx_word' id='word_1_95' title='bbox 334 1857 487 1925; x_wconf 90' lang='lat' dir='ltr'>habuisse</span> <span class='ocrx_word' id='word_1_96' title='bbox 522 1859 723 1925; x_wconf 87' lang='lat' dir='ltr'>Aristotelem</span> <span class='ocrx_word' id='word_1_97' title='bbox 768 1868 893 1927; x_wconf 90' lang='lat' dir='ltr'>mortuo</span> <span class='ocrx_word' id='word_1_98' title='bbox 936 1863 1061 1927; x_wconf 91' lang='lat' dir='ltr'>demum</span> <span class='ocrx_word' id='word_1_99' title='bbox 1110 1861 1255 1940; x_wconf 86' lang='lat' dir='ltr'>Platone,</span> <span class='ocrx_word' id='word_1_100' title='bbox 1302 1878 1371 1925; x_wconf 91' lang='lat' dir='ltr'>cum</span> 
     </span>
    </p>
   </div>
   <div class='ocr_carea' id='block_1_4' title="bbox 258 1969 1371 2502">
    <p class='ocr_par' dir='ltr' id='par_1_4' title="bbox 258 1969 1371 2502">
     <span class='ocr_line' id='line_1_15' title="bbox 331 1969 1370 2054; baseline 0 -20"><span class='ocrx_word' id='word_1_101' title='bbox 331 1969 530 2036; x_wconf 88' lang='lat' dir='ltr'>Xenocrates</span> <span class='ocrx_word' id='word_1_102' title='bbox 565 1972 649 2036; x_wconf 93' lang='lat' dir='ltr'>illius</span> <span class='ocrx_word' id='word_1_103' title='bbox 676 1971 816 2037; x_wconf 90' lang='lat' dir='ltr'>familiae</span> <span class='ocrx_word' id='word_1_104' title='bbox 839 1979 1001 2054; x_wconf 84' lang='lat' dir='ltr'>praeesset</span> <span class='ocrx_word' id='word_1_105' title='bbox 1025 1973 1130 2054; x_wconf 89' lang='lat' dir='ltr'>(Diog.</span> <span class='ocrx_word' id='word_1_106' title='bbox 1155 1972 1260 2037; x_wconf 88' lang='lat' dir='ltr'>Laert.</span> <span class='ocrx_word' id='word_1_107' title='bbox 1294 1972 1370 2054; x_wconf 84' lang='lat'>5,2).</span> 
     </span>
     <span class='ocr_line' id='line_1_16' title="bbox 330 2083 1371 2166; baseline 0.003 -19"><span class='ocrx_word' id='word_1_108' title='bbox 330 2083 525 2148; x_wconf 86' lang='lat' dir='ltr'>Xenocrates</span> <span class='ocrx_word' id='word_1_109' title='bbox 555 2089 663 2149; x_wconf 87' lang='lat' dir='ltr'>autem</span> <span class='ocrx_word' id='word_1_110' title='bbox 687 2084 896 2166; x_wconf 84' lang='lat' dir='ltr'>Speusippum</span> <span class='ocrx_word' id='word_1_111' title='bbox 921 2091 1048 2150; x_wconf 89' lang='lat' dir='ltr'>secutus</span> <span class='ocrx_word' id='word_1_112' title='bbox 1072 2085 1252 2151; x_wconf 90' lang='lat' dir='ltr'>academiae</span> <span class='ocrx_word' id='word_1_113' title='bbox 1275 2090 1371 2166; x_wconf 90' lang='lat' dir='ltr'>caput</span> 
     </span>
     <span class='ocr_line' id='line_1_17' title="bbox 258 2194 1369 2279; baseline 0 -20"><span class='ocrx_word' id='word_1_114' title='bbox 258 2225 260 2230; x_wconf 96' lang='lat'>·</span> <span class='ocrx_word' id='word_1_115' title='bbox 331 2194 434 2260; x_wconf 90' lang='lat' dir='ltr'>lactus</span> <span class='ocrx_word' id='word_1_116' title='bbox 458 2202 507 2262; x_wconf 94' lang='lat' dir='ltr'>est</span> <span class='ocrx_word' id='word_1_117' title='bbox 530 2195 569 2261; x_wconf 90' lang='lat' dir='ltr'>ol.</span> <span class='ocrx_word' id='word_1_118' title='bbox 599 2201 691 2277; x_wconf 86' lang='lat'>110‚2</span> <span class='ocrx_word' id='word_1_119' title='bbox 722 2202 805 2263; x_wconf 90' lang='lat' dir='ltr'>teste</span> <span class='ocrx_word' id='word_1_120' title='bbox 827 2199 968 2278; x_wconf 85' lang='lat' dir='ltr'>Diogene</span> <span class='ocrx_word' id='word_1_121' title='bbox 991 2198 1121 2263; x_wconf 88' lang='lat' dir='ltr'>Laertio</span> <span class='ocrx_word' id='word_1_122' title='bbox 1145 2203 1214 2279; x_wconf 86' lang='grc'>4,1;</span> <span class='ocrx_word' id='word_1_123' title='bbox 1246 2203 1300 2276; x_wconf 88' lang='grc'>14;</span> <span class='ocrx_word' id='word_1_124' title='bbox 1329 2197 1369 2259; x_wconf 94' lang='lat' dir='ltr'>ol.</span> 
     </span>
     <span class='ocr_line' id='line_1_18' title="bbox 333 2308 1367 2392; baseline 0 -21"><span class='ocrx_word' id='word_1_125' title='bbox 333 2313 426 2388; x_wconf 88' lang='lat'><strong>110‚3</strong></span> <span class='ocrx_word' id='word_1_126' title='bbox 450 2312 532 2374; x_wconf 90' lang='lat' dir='ltr'>teste</span> <span class='ocrx_word' id='word_1_127' title='bbox 556 2309 703 2375; x_wconf 84' lang='lat' dir='ltr'>Eusebio.</span> <span class='ocrx_word' id='word_1_128' title='bbox 751 2312 863 2392; x_wconf 90' lang='lat' dir='ltr'>ltaque</span> <span class='ocrx_word' id='word_1_129' title='bbox 886 2316 959 2376; x_wconf 87' lang='lat' dir='ltr'>ante</span> <span class='ocrx_word' id='word_1_130' title='bbox 982 2329 1100 2376; x_wconf 90' lang='lat' dir='ltr'>annum</span> <span class='ocrx_word' id='word_1_131' title='bbox 1125 2315 1186 2376; x_wconf 85' lang='grc'>339</span> <span class='ocrx_word' id='word_1_132' title='bbox 1202 2328 1230 2374; x_wconf 86' lang='lat' dir='ltr'>a.</span> <span class='ocrx_word' id='word_1_133' title='bbox 1248 2308 1318 2374; x_wconf 82' lang='lat' dir='ltr'>Chr.</span> <span class='ocrx_word' id='word_1_134' title='bbox 1337 2327 1367 2371; x_wconf 90' lang='lat' dir='ltr'>n.</span> 
     </span>
     <span class='ocr_line' id='line_1_19' title="bbox 330 2419 1369 2502; baseline 0.002 -20"><span class='ocrx_word' id='word_1_135' title='bbox 330 2419 612 2502; x_wconf 84' lang='lat' dir='ltr'>Peripateticorum</span> <span class='ocrx_word' id='word_1_136' title='bbox 640 2428 727 2488; x_wconf 91' lang='lat' dir='ltr'>secta</span> <span class='ocrx_word' id='word_1_137' title='bbox 755 2440 817 2488; x_wconf 92' lang='lat' dir='ltr'>non</span> <span class='ocrx_word' id='word_1_138' title='bbox 845 2429 894 2488; x_wconf 91' lang='lat' dir='ltr'>est</span> <span class='ocrx_word' id='word_1_139' title='bbox 917 2424 1054 2488; x_wconf 90' lang='lat' dir='ltr'>condita.</span> <span class='ocrx_word' id='word_1_140' title='bbox 1100 2420 1228 2488; x_wconf 82' lang='lat' dir='ltr'>Certum</span> <span class='ocrx_word' id='word_1_141' title='bbox 1250 2439 1369 2486; x_wconf 88' lang='lat' dir='ltr'>annum</span> 
     </span>
    </p>
   </div>
   <div class='ocr_carea' id='block_1_5' title="bbox 328 2533 1524 2634">
    <p class='ocr_par' dir='ltr' id='par_1_5' title="bbox 328 2533 1524 2634">
     <span class='ocr_line' id='line_1_20' title="bbox 328 2533 1524 2634; baseline 0.001 -38"><span class='ocrx_word' id='word_1_142' title='bbox 328 2533 434 2613; x_wconf 90' lang='lat' dir='ltr'>prodit</span> <span class='ocrx_word' id='word_1_143' title='bbox 470 2534 697 2615; x_wconf 90' lang='lat' dir='ltr'>Apollodorus,</span> <span class='ocrx_word' id='word_1_144' title='bbox 736 2536 789 2617; x_wconf 92' lang='lat' dir='ltr'>qui</span> <span class='ocrx_word' id='word_1_145' title='bbox 826 2535 903 2601; x_wconf 86' lang='lat' dir='ltr'>dicit</span> <span class='ocrx_word' id='word_1_146' title='bbox 940 2534 1161 2612; x_wconf 87' lang='lat' dir='ltr'>Aristotelem,</span> <span class='ocrx_word' id='word_1_147' title='bbox 1199 2539 1369 2615; x_wconf 89' lang='lat' dir='ltr'>postquam</span> <span class='ocrx_word' id='word_1_148' title='bbox 1483 2629 1487 2634; x_wconf 25' lang='grc' dir='ltr'>Ι</span> <span class='ocrx_word' id='word_1_149' title='bbox 1523 2565 1524 2628; x_wconf 46' lang='lat' dir='ltr'>p</span> 
     </span>
    </p>
   </div>
   <div class='ocr_carea' id='block_1_6' title="bbox 326 2643 1368 3630">
    <p class='ocr_par' dir='ltr' id='par_1_6' title="bbox 326 2643 1368 3630">
     <span class='ocr_line' id='line_1_21' title="bbox 328 2643 1368 2725; baseline 0.002 -17"><span class='ocrx_word' id='word_1_150' title='bbox 328 2643 470 2710; x_wconf 87' lang='lat' dir='ltr'>Athenas</span> <span class='ocrx_word' id='word_1_151' title='bbox 493 2645 633 2711; x_wconf 88' lang='lat' dir='ltr'>venisset</span> <span class='ocrx_word' id='word_1_152' title='bbox 654 2666 674 2712; x_wconf 92' lang='lat' dir='ltr'>a</span> <span class='ocrx_word' id='word_1_153' title='bbox 696 2665 726 2711; x_wconf 90' lang='lat' dir='ltr'>a.</span> <span class='ocrx_word' id='word_1_154' title='bbox 751 2645 824 2713; x_wconf 86' lang='lat' dir='ltr'>Chr.</span> <span class='ocrx_word' id='word_1_155' title='bbox 855 2665 885 2708; x_wconf 93' lang='lat' dir='ltr'>n.</span> <span class='ocrx_word' id='word_1_156' title='bbox 911 2651 988 2725; x_wconf 83' lang='lat'>335,</span> <span class='ocrx_word' id='word_1_157' title='bbox 1020 2644 1173 2710; x_wconf 88' lang='lat' dir='ltr'>tredecim</span> <span class='ocrx_word' id='word_1_158' title='bbox 1204 2663 1303 2710; x_wconf 91' lang='lat' dir='ltr'>annos</span> <span class='ocrx_word' id='word_1_159' title='bbox 1335 2645 1368 2710; x_wconf 92' lang='lat' dir='ltr'>in</span> 
     </span>
     <span class='ocr_line' id='line_1_22' title="bbox 329 2756 1367 2841; baseline 0 -20"><span class='ocrx_word' id='word_1_160' title='bbox 329 2759 433 2841; x_wconf 81' lang='lat' dir='ltr'>Lyceo</span> <span class='ocrx_word' id='word_1_161' title='bbox 456 2758 713 2841; x_wconf 90' lang='lat' dir='ltr'>philosophatum</span> <span class='ocrx_word' id='word_1_162' title='bbox 735 2777 805 2824; x_wconf 88' lang='lat' dir='ltr'>esse</span> <span class='ocrx_word' id='word_1_163' title='bbox 828 2758 933 2838; x_wconf 88' lang='lat' dir='ltr'>(Diog.</span> <span class='ocrx_word' id='word_1_164' title='bbox 952 2756 1050 2838; x_wconf 85' lang='lat'>5,10).</span> <span class='ocrx_word' id='word_1_165' title='bbox 1095 2756 1155 2822; x_wconf 94' lang='lat' dir='ltr'>His</span> <span class='ocrx_word' id='word_1_166' title='bbox 1178 2757 1367 2822; x_wconf 89' lang='lat' dir='ltr'>testimoniis</span> 
     </span>
     <span class='ocr_line' id='line_1_23' title="bbox 328 2868 1367 2954; baseline -0.004 -19"><span class='ocrx_word' id='word_1_167' title='bbox 328 2889 391 2936; x_wconf 91' lang='lat' dir='ltr'>non</span> <span class='ocrx_word' id='word_1_168' title='bbox 422 2877 472 2936; x_wconf 89' lang='lat' dir='ltr'>est</span> <span class='ocrx_word' id='word_1_169' title='bbox 509 2891 564 2937; x_wconf 91' lang='lat' dir='ltr'>our</span> <span class='ocrx_word' id='word_1_170' title='bbox 594 2870 686 2938; x_wconf 90' lang='lat' dir='ltr'>fidem</span> <span class='ocrx_word' id='word_1_171' title='bbox 719 2872 915 2954; x_wconf 86' lang='lat' dir='ltr'>derogemus.</span> <span class='ocrx_word' id='word_1_172' title='bbox 972 2870 1061 2949; x_wconf 83' lang='lat' dir='ltr'>Quod</span> <span class='ocrx_word' id='word_1_173' title='bbox 1094 2887 1168 2934; x_wconf 91' lang='lat' dir='ltr'>vero</span> <span class='ocrx_word' id='word_1_174' title='bbox 1199 2868 1367 2934; x_wconf 86' lang='lat' dir='ltr'>Feurlinus</span> 
     </span>
     <span class='ocr_line' id='line_1_24' title="bbox 327 2983 1367 3065; baseline -0.002 -17"><span class='ocrx_word' id='word_1_175' title='bbox 327 3002 357 3065; x_wconf 91' lang='lat' dir='ltr'>p.</span> <span class='ocrx_word' id='word_1_176' title='bbox 382 2989 423 3048; x_wconf 87' lang='grc'>33</span> <span class='ocrx_word' id='word_1_177' title='bbox 447 2984 493 3049; x_wconf 89' lang='lat' dir='ltr'>sic</span> <span class='ocrx_word' id='word_1_178' title='bbox 515 2989 769 3065; x_wconf 87' lang='lat' dir='ltr'>argumentatur:</span> <span class='ocrx_word' id='word_1_179' title='bbox 801 2985 978 3064; x_wconf 87' lang='lat' dir='ltr'>„Ponamus</span> <span class='ocrx_word' id='word_1_180' title='bbox 1001 2983 1167 3048; x_wconf 89' lang='lat' dir='ltr'>Platonem</span> <span class='ocrx_word' id='word_1_181' title='bbox 1195 2999 1268 3046; x_wconf 82' lang='lat' dir='ltr'>mox</span> <span class='ocrx_word' id='word_1_182' title='bbox 1295 2985 1367 3062; x_wconf 92' lang='lat' dir='ltr'>post</span> 
     </span>
     <span class='ocr_line' id='line_1_25' title="bbox 327 3093 1367 3177; baseline -0.001 -18"><span class='ocrx_word' id='word_1_183' title='bbox 327 3095 448 3162; x_wconf 91' lang='lat' dir='ltr'>obitum</span> <span class='ocrx_word' id='word_1_184' title='bbox 464 3097 604 3162; x_wconf 84' lang='lat' dir='ltr'>Socratis</span> <span class='ocrx_word' id='word_1_185' title='bbox 627 3098 783 3164; x_wconf 86' lang='lat' dir='ltr'>absolutis</span> <span class='ocrx_word' id='word_1_186' title='bbox 806 3096 985 3177; x_wconf 88' lang='lat' dir='ltr'>itineribus,</span> <span class='ocrx_word' id='word_1_187' title='bbox 1008 3095 1121 3177; x_wconf 90' lang='lat' dir='ltr'>quibus</span> <span class='ocrx_word' id='word_1_188' title='bbox 1144 3113 1200 3160; x_wconf 86' lang='lat' dir='ltr'>sex</span> <span class='ocrx_word' id='word_1_189' title='bbox 1221 3093 1367 3175; x_wconf 92' lang='lat' dir='ltr'>assigna-</span> 
     </span>
     <span class='ocr_line' id='line_1_26' title="bbox 327 3207 1365 3289; baseline -0.003 -16"><span class='ocrx_word' id='word_1_190' title='bbox 327 3209 430 3274; x_wconf 91' lang='lat' dir='ltr'>bimus</span> <span class='ocrx_word' id='word_1_191' title='bbox 452 3227 567 3289; x_wconf 89' lang='lat' dir='ltr'>annos,</span> <span class='ocrx_word' id='word_1_192' title='bbox 592 3210 769 3275; x_wconf 90' lang='lat' dir='ltr'>condidisse</span> <span class='ocrx_word' id='word_1_193' title='bbox 792 3218 911 3275; x_wconf 89' lang='lat' dir='ltr'>sectam</span> <span class='ocrx_word' id='word_1_194' title='bbox 935 3227 1040 3288; x_wconf 92' lang='lat' dir='ltr'>snam,</span> <span class='ocrx_word' id='word_1_195' title='bbox 1064 3207 1268 3273; x_wconf 90' lang='lat' dir='ltr'>Aristotelem</span> <span class='ocrx_word' id='word_1_196' title='bbox 1292 3224 1365 3273; x_wconf 90' lang='lat' dir='ltr'>vero</span> 
     </span>
     <span class='ocr_line' id='line_1_27' title="bbox 326 3320 1366 3406; baseline -0.002 -22"><span class='ocrx_word' id='word_1_197' title='bbox 326 3321 358 3385; x_wconf 93' lang='lat' dir='ltr'>in</span> <span class='ocrx_word' id='word_1_198' title='bbox 391 3323 535 3388; x_wconf 89' lang='lat' dir='ltr'>doctrina</span> <span class='ocrx_word' id='word_1_199' title='bbox 567 3322 710 3389; x_wconf 90' lang='lat' dir='ltr'>Platonis</span> <span class='ocrx_word' id='word_1_200' title='bbox 742 3330 774 3390; x_wconf 91' lang='lat' dir='ltr'>et</span> <span class='ocrx_word' id='word_1_201' title='bbox 805 3341 903 3406; x_wconf 89' lang='lat' dir='ltr'>penes</span> <span class='ocrx_word' id='word_1_202' title='bbox 932 3321 1146 3388; x_wconf 87' lang='lat' dir='ltr'>Alexandrum</span> <span class='ocrx_word' id='word_1_203' title='bbox 1177 3321 1220 3386; x_wconf 87' lang='lat' dir='ltr'>M.</span> <span class='ocrx_word' id='word_1_204' title='bbox 1251 3320 1366 3404; x_wconf 87' lang='lat' dir='ltr'>viginti</span> 
     </span>
     <span class='ocr_line' id='line_1_28' title="bbox 326 3434 1364 3517; baseline -0.004 -19"><span class='ocrx_word' id='word_1_205' title='bbox 326 3452 545 3515; x_wconf 87' lang='lat' dir='ltr'>perseverasse</span> <span class='ocrx_word' id='word_1_206' title='bbox 574 3454 691 3517; x_wconf 89' lang='lat' dir='ltr'>anuos,</span> <span class='ocrx_word' id='word_1_207' title='bbox 722 3436 820 3501; x_wconf 91' lang='lat' dir='ltr'>donec</span> <span class='ocrx_word' id='word_1_208' title='bbox 848 3437 916 3517; x_wconf 90' lang='lat' dir='ltr'>ipse</span> <span class='ocrx_word' id='word_1_209' title='bbox 947 3440 1053 3501; x_wconf 90' lang='lat' dir='ltr'>sectae</span> <span class='ocrx_word' id='word_1_210' title='bbox 1083 3434 1364 3515; x_wconf 89' lang='lat' dir='ltr'>Peripateticorum</span> 
     </span>
     <span class='ocr_line' id='line_1_29' title="bbox 327 3547 1364 3630; baseline -0.004 -20"><span class='ocrx_word' id='word_1_211' title='bbox 327 3547 481 3627; x_wconf 83' lang='lat' dir='ltr'>originem</span> <span class='ocrx_word' id='word_1_212' title='bbox 505 3548 635 3628; x_wconf 88' lang='lat' dir='ltr'>dederit,</span> <span class='ocrx_word' id='word_1_213' title='bbox 657 3567 811 3630; x_wconf 90' lang='lat' dir='ltr'>ponamus</span> <span class='ocrx_word' id='word_1_214' title='bbox 825 3547 974 3614; x_wconf 82' lang='lat' dir='ltr'>Cebetem</span> <span class='ocrx_word' id='word_1_215' title='bbox 987 3551 1029 3612; x_wconf 85' lang='lat'>40</span> <span class='ocrx_word' id='word_1_216' title='bbox 1045 3565 1144 3612; x_wconf 92' lang='lat' dir='ltr'>annos</span> <span class='ocrx_word' id='word_1_217' title='bbox 1157 3550 1279 3623; x_wconf 90' lang='lat' dir='ltr'>natum,</span> <span class='ocrx_word' id='word_1_218' title='bbox 1293 3560 1364 3608; x_wconf 91' lang='lat' dir='ltr'>cum</span> 
     </span>
    </p>
   </div>
   <div class='ocr_carea' id='block_1_7' title="bbox 196 3658 1364 3741">
    <p class='ocr_par' dir='ltr' id='par_1_7' title="bbox 196 3658 1364 3741">
     <span class='ocr_line' id='line_1_30' title="bbox 196 3658 1364 3741; baseline -0.003 -19"><span class='ocrx_word' id='word_1_219' title='bbox 196 3717 198 3722; x_wconf 79' lang='grc'>,</span> <span class='ocrx_word' id='word_1_220' title='bbox 326 3658 473 3726; x_wconf 87' lang='lat' dir='ltr'>Socrates</span> <span class='ocrx_word' id='word_1_221' title='bbox 495 3663 680 3739; x_wconf 88' lang='lat' dir='ltr'>moreretur,</span> <span class='ocrx_word' id='word_1_222' title='bbox 705 3661 743 3725; x_wconf 94' lang='lat' dir='ltr'>ad</span> <span class='ocrx_word' id='word_1_223' title='bbox 768 3659 992 3740; x_wconf 86' lang='lat' dir='ltr'>octogesimum</span> <span class='ocrx_word' id='word_1_224' title='bbox 1007 3676 1107 3741; x_wconf 90' lang='lat' dir='ltr'>usque</span> <span class='ocrx_word' id='word_1_225' title='bbox 1122 3675 1240 3722; x_wconf 89' lang='lat' dir='ltr'>annum</span> <span class='ocrx_word' id='word_1_226' title='bbox 1255 3673 1364 3737; x_wconf 93' lang='lat' dir='ltr'>super-</span> 
     </span>
    </p>
   </div>
   <div class='ocr_carea' id='block_1_8' title="bbox 324 3766 1363 4188">
    <p class='ocr_par' dir='ltr' id='par_1_8' title="bbox 324 3766 1363 4188">
     <span class='ocr_line' id='line_1_31' title="bbox 325 3766 1363 3852; baseline -0.005 -17"><span class='ocrx_word' id='word_1_227' title='bbox 325 3771 433 3852; x_wconf 85' lang='lat' dir='ltr'>fuisse,</span> <span class='ocrx_word' id='word_1_228' title='bbox 456 3778 531 3838; x_wconf 91' lang='lat' dir='ltr'>tuno</span> <span class='ocrx_word' id='word_1_229' title='bbox 555 3771 634 3837; x_wconf 91' lang='lat' dir='ltr'>nihil</span> <span class='ocrx_word' id='word_1_230' title='bbox 651 3771 779 3838; x_wconf 89' lang='lat' dir='ltr'>absurdi</span> <span class='ocrx_word' id='word_1_231' title='bbox 796 3776 972 3838; x_wconf 90' lang='lat' dir='ltr'>statuemus</span> <span class='ocrx_word' id='word_1_232' title='bbox 988 3769 1142 3836; x_wconf 91' lang='lat' dir='ltr'>asserturi</span> <span class='ocrx_word' id='word_1_233' title='bbox 1158 3766 1277 3849; x_wconf 83' lang='lat' dir='ltr'>(lebeti,</span> <span class='ocrx_word' id='word_1_234' title='bbox 1293 3785 1363 3832; x_wconf 91' lang='lat' dir='ltr'>oum</span> 
     </span>
     <span class='ocr_line' id='line_1_32' title="bbox 325 3879 1362 3968; baseline -0.004 -19"><span class='ocrx_word' id='word_1_235' title='bbox 325 3885 590 3968; x_wconf 86' lang='lat' dir='ltr'>septuagenarius</span> <span class='ocrx_word' id='word_1_236' title='bbox 601 3885 664 3950; x_wconf 92' lang='lat' dir='ltr'>iam</span> <span class='ocrx_word' id='word_1_237' title='bbox 676 3890 771 3964; x_wconf 89' lang='lat' dir='ltr'>esset,</span> <span class='ocrx_word' id='word_1_238' title='bbox 787 3883 1017 3966; x_wconf 89' lang='lat' dir='ltr'>Peripateticos</span> <span class='ocrx_word' id='word_1_239' title='bbox 1028 3883 1165 3965; x_wconf 89' lang='lat' dir='ltr'>primum</span> <span class='ocrx_word' id='word_1_240' title='bbox 1177 3879 1362 3958; x_wconf 90' lang='lat' dir='ltr'>innotuisse,</span> 
     </span>
     <span class='ocr_line' id='line_1_33' title="bbox 324 3993 1362 4077; baseline -0.004 -17"><span class='ocrx_word' id='word_1_241' title='bbox 324 4001 421 4077; x_wconf 85' lang='lat' dir='ltr'>atque</span> <span class='ocrx_word' id='word_1_242' title='bbox 442 4015 513 4062; x_wconf 88' lang='lat' dir='ltr'>cum</span> <span class='ocrx_word' id='word_1_243' title='bbox 537 4015 607 4062; x_wconf 83' lang='lat' dir='ltr'>mox</span> <span class='ocrx_word' id='word_1_244' title='bbox 626 4001 701 4062; x_wconf 86' lang='lat' dir='ltr'>ante</span> <span class='ocrx_word' id='word_1_245' title='bbox 717 3997 837 4062; x_wconf 89' lang='lat' dir='ltr'>obitum</span> <span class='ocrx_word' id='word_1_246' title='bbox 853 3995 1001 4060; x_wconf 90' lang='lat' dir='ltr'>Pinacem</span> <span class='ocrx_word' id='word_1_247' title='bbox 1018 3993 1268 4075; x_wconf 88' lang='lat' dir='ltr'>conscripsisset,</span> <span class='ocrx_word' id='word_1_248' title='bbox 1292 4009 1362 4057; x_wconf 88' lang='lat' dir='ltr'>eos-</span> 
     </span>
     <span class='ocr_line' id='line_1_34' title="bbox 324 4104 1363 4188; baseline -0.004 -17"><span class='ocrx_word' id='word_1_249' title='bbox 324 4107 394 4172; x_wconf 91' lang='lat' dir='ltr'>dem</span> <span class='ocrx_word' id='word_1_250' title='bbox 418 4110 449 4172; x_wconf 94' lang='lat' dir='ltr'>in</span> <span class='ocrx_word' id='word_1_251' title='bbox 473 4109 582 4174; x_wconf 88' lang='lat' dir='ltr'>eodem</span> <span class='ocrx_word' id='word_1_252' title='bbox 598 4107 892 4188; x_wconf 89' lang='lat' dir='ltr'>commemorasse“,</span> <span class='ocrx_word' id='word_1_253' title='bbox 916 4107 1041 4174; x_wconf 87' lang='lat' dir='ltr'>videtur</span> <span class='ocrx_word' id='word_1_254' title='bbox 1063 4106 1116 4172; x_wconf 91' lang='lat' dir='ltr'>ille</span> <span class='ocrx_word' id='word_1_255' title='bbox 1138 4124 1200 4171; x_wconf 92' lang='lat' dir='ltr'>non</span> <span class='ocrx_word' id='word_1_256' title='bbox 1217 4105 1308 4170; x_wconf 92' lang='lat' dir='ltr'>modo</span> <span class='ocrx_word' id='word_1_257' title='bbox 1323 4104 1363 4167; x_wconf 88' lang='lat' dir='ltr'>de</span> 
     </span>
    </p>
   </div>
   <div class='ocr_carea' id='block_1_9' title="bbox 0 0 1570 4874">
    <p class='ocr_par' dir='ltr' id='par_1_9' title="bbox 0 0 1570 4874">
     <span class='ocr_line' id='line_1_35' title="bbox 0 0 1570 4874; baseline 0 5"><span class='ocrx_word' id='word_1_258' title='bbox 0 0 1570 4874; x_wconf 95' lang='lat' dir='ltr'> </span> 
     </span>
    </p>
   </div>
  </div>
 </body>
</html>
