3124 4870
652 264 688 272 -
743 235 800 292 107
849 267 886 273 -—

336 405 418 477 40,1
449 405 555 465 exstat
576 394 790 483 adoperiretur,
818 418 879 480 quo
908 400 1100 480 superlativo
1129 419 1190 463 non
1221 408 1288 466 ute-

244 514 369 577 bantur
385 513 446 575 nisi
462 511 645 577 recentioris
662 513 776 576 aetatis
793 513 969 593 scriptores.
980 512 1004 591 1)
1040 509 1201 592 Optimum
1219 512 1286 577 cod.

255 624 290 686 V
307 624 479 687 Muellerus
502 642 530 703 p.
558 631 597 688 55
622 623 712 687 docet
734 622 812 688 haec
834 623 1000 704 praebere:
1024 614 1064 684 τὰ
1088 614 1288 703 ἀσεβέστατα

245 728 369 800 καὶτὰ
393 731 590 817 αἰσχρότατα
614 729 699 800 εἶναι
723 737 899 816 δοκοῦντα,
922 754 1016 818 quam
1040 736 1227 815 scripturam
1252 753 1288 797 eo

247 849 354 913 minus
379 848 592 912 dubitabimus
621 849 773 928 recipere,
804 866 872 911 oum
902 845 928 910 O
953 848 1031 912 hacc
1058 846 1219 911 exhibeat:
1249 837 1289 908 τὰ

249 954 453 1043 ἀσεβέστατα
468 956 524 1022 καὶ
538 952 578 1024 cri
595 961 762 1024 δοκοῦντα
778 956 874 1040 εἶναι,
898 960 950 1024 ubi
966 966 1039 1042 pest
1062 961 1194 1024 alterum
1211 957 1290 1020 illud

248 1065 290 1138 τὰ
314 1078 449 1153 apparet
466 1072 653 1136 vocabulum
677 1075 841 1139 excidisse.
879 1076 992 1155 ltaque
1015 1091 1161 1152 perverse
1185 1072 1290 1135 Jerra·

251 1187 350 1249 mium
382 1185 494 1249 iecisse
527 1184 687 1263 existimo,
725 1186 807 1267 quod
840 1187 895 1250 illa
926 1181 981 1248 καὶ
1014 1177 1055 1249 τὰ
1093 1179 1291 1267 αἰσχρότατα

251 1292 340 1384 eicco
367 1293 515 1376 delevit²)
544 1296 593 1358 his
625 1296 796 1361 defendens
826 1297 1055 1362 coniecturam:
1090 1296 1156 1361 The
1190 1291 1292 1359 words

251 1401 294 1472 τὰ
317 1402 516 1489 αἰσχρότατα
541 1407 597 1488 (11
620 1411 754 1472 unusual
777 1408 857 1473 form
882 1406 916 1472 of
937 1407 992 1471 the
1016 1405 1221 1489 superlative)
1237 1424 1292 1469 are

252 1520 387 1584 omitted
418 1520 448 1582 in
478 1528 512 1584 at
539 1522 621 1584 least
649 1539 708 1584 one
737 1520 802 1585 MS.
825 1521 878 1585 Dr.
900 1520 1015 1584 Mdller
1046 1520 1165 1585 retains
1194 1519 1289 1583 them.

254 1631 344 1708 Quod
377 1632 458 1694 enim
487 1631 590 1696 forma
617 1627 816 1715 αίσχρότατα
844 1633 946 1695 minus
976 1638 1025 1696 est
1053 1632 1172 1696 usitata
1195 1664 1236 1673 —
1260 1629 1291 1693 id

255 1743 338 1821 quod
366 1743 520 1823 imprimis
543 1744 700 1808 Jerram'ro
728 1745 851 1808 videtur
879 1743 1087 1823 suspicionem
1116 1743 1227 1806 iecisse
1251 1773 1291 1784 -

256 1856 287 1918 id
312 1856 342 1918 11
370 1856 429 1920 hoc
457 1856 537 1920 libro
566 1873 656 1920 nemo
684 1875 746 1921 non
773 1857 858 1920 videt
885 1874 922 1920 eo
950 1855 1055 1920 valere
1082 1873 1144 1918 101
1167 1853 1291 1931 debere,

257 1973 293 2031 nt
315 1967 393 2032 hace
415 1969 568 2033 vocabula
590 1969 750 2033 eiciamus.

345 2085 405 2159 7,2
435 2082 513 2146 haec
546 2081 695 2146 exhibent
723 2081 809 2144 libri:
843 2072 917 2160 παρ’
942 2065 991 2143 oin
1014 2078 1075 2160 μὲν
1098 2069 1233 2158 ἁρπάζει
1252 2067 1292 2139 coi

257 2186 450 2274 ὑπάρχοντα
465 2189 521 2256 καὶ
537 2190 659 2274 ἑτέροις
674 2194 804 2274 δίδωσι,
819 2184 908 2272 παρὰ
932 2187 969 2254 δὲ
982 2193 1051 2255 τῶν
1067 2181 1179 2254 αὐτῶν
1193 2184 1293 2252 πάλιν

258 2295 447 2386 ἀφαιρεῖται
469 2297 491 2368 ii
514 2303 636 2368 δέδωκε
659 2302 714 2368 καὶ
736 2299 849 2378 ἄλλοις
871 2304 1020 2366 δίδωσιν.
1064 2302 1151 2366 Η111
1166 2301 1292 2367 articuli

259 2416 360 2480 forma
376 2437 445 2480 cum
469 2414 530 2499 pio
546 2423 578 2482 et
601 2414 639 2480 δὲ
654 2417 820 2480 coniuncta
841 2434 903 2479 nou
918 2416 1062 2479 adhibita
1079 2419 1217 2480 estante
1234 2415 1294 2478 De·

259 2528 432 2593 mosthenis
449 2535 588 2593 aetatem
608 2529 831 2610 rarissimoque
848 2529 1008 2593 invenitur
1027 2527 1110 2607 apud
1127 2523 1294 2604 Atticos.³)

261 2640 425 2703 Menandri
452 2640 629 2722 exemplum
659 2641 699 2703 ad
729 2640 823 2704 huius
852 2639 913 2704 loci
935 2641 1124 2704 sententiam
1153 2640 1295 2718 proxime

261 2752 412 2816 accedens
435 2752 602 2832 exscripsit
625 2750 856 2832 Kruegerus⁴):
887 2743 936 2826 οἷς
966 2748 1027 2831 μὲν
1059 2751 1215 2830 δίδωσιν,
1247 2741 1296 2825 οἷς

261 2855 289 2926 d⁹
292 2855 481 2946 ἀφαιρεῖται
502 2860 591 2939 θεός.

347 2974 394 3040 De
416 2977 511 3041 verbo
535 2978 562 3041 si
584 2975 777 3057 quaerimus,
802 2971 903 3037 forma
924 2963 1122 3054 ἠδυνάμεθα
1142 2971 1222 3053 (1,1)
1247 2990 1295 3036 re-

261 3087 452 3152 centioribus
480 3089 679 3167 potissimum
702 3085 819 3150 Atticis
848 3086 880 3148 11
904 3103 963 3148 usu
990 3090 1074 3163 erat,
1105 3100 1296 3166 quamquam

261 3216 300 3260 ne
322 3195 444 3278 prio'res
467 3201 592 3280 quidem
609 3199 649 3263 ab
665 3217 700 3262 ea
717 3197 938 3264 abhorrebant.
974 3193 1136 3260 Gravioris
1151 3196 1297 3276 ponderis

261 3328 329 3374 esse
355 3311 502 3379 existimo
529 3311 612 3394 quod
639 3310 688 3376 bis
716 3315 746 3374 3.
771 3328 799 3390 p.
823 3311 865 3390 pl.
889 3309 951 3372 ind.
980 3307 1068 3373 verbi
1095 3305 1220 3373 εἰδέναι
1249 3313 1298 3373 est

264 3470 436 3480 ——-—-

296 3601 299 3612 .
352 3553 372 3618 ¹)
391 3552 425 3612 cs.
443 3553 578 3608 Kuehner.
596 3566 705 3619 gramm.
725 3565 811 3618 graec.
831 3551 888 3620 lp.
907 3552 967 3616 429,
984 3566 1010 3602 1.
1030 3554 1053 3600 2.

349 3640 369 3705 ²]
390 3640 470 3708 Apud
494 3638 674 3702 Drosilmum,
699 3637 744 3705 qui
763 3637 819 3690 cod.
846 3637 992 3691 Gcecutus
1013 3635 1065 3699 cit,
1083 3648 1116 3686 na
1134 3634 1221 3702 ipsum
1240 3634 1298 3701 qui-

262 3725 320 3778 dem
340 3725 406 3779 haec
425 3742 482 3780 voc.
499 3725 549 3778 uoci
566 3719 601 3777 roi
620 3717 790 3792 αἰσχρότατα
808 3730 923 3780 exstant.

352 3808 374 3876 ⁸)
394 3809 427 3864 01.
446 3811 581 3865 Kuehnec
600 3823 709 3874 gramm.
729 3823 769 3874 gr.
788 3809 814 3862 ll
833 3825 860 3878 p.
879 3811 938 3860 780.
975 3803 1054 3874 Apud
1077 3807 1237 3874 posteriores
1255 3805 1299 3864 hic

265 3911 327 3952 mur
346 3895 430 3962 magis
446 3897 584 3966 magisque
601 3893 754 3950 increbruit.

351 3982 372 4049 ⁴)
390 3981 512 4048 Spraobl.
531 3983 573 4047 50,
594 3984 618 4048 1,
635 3981 659 4036 b.
