3124 4870
614 327 843 387 -101-

213 495 397 558 eruditionis
414 513 593 573 eorumque,
609 497 663 574 qui
680 495 777 558 falsae
794 496 962 558 eruditioni
979 495 1096 572 favent,
1113 496 1249 577 descrip-

213 608 298 672 tione
308 610 332 687 ¹)
356 609 440 671 inter
456 606 586 671 Dionem
605 613 636 670 et
653 608 800 671 Cebetem
823 615 880 687 est,
897 609 1133 672 consensionem
1149 605 1249 672 Cebes

212 719 320 799 utique
342 718 486 797 Dionem,
510 735 573 781 uon
589 716 649 780 Dio
673 714 821 780 Cebetem
844 717 985 782 imitatus
1005 733 1074 780 esse
1089 715 1248 797 putandus

212 833 264 909 sit,
281 849 343 894 non
359 831 459 895 video.
496 831 691 909 Quamquam
704 846 784 893 unus
798 828 907 892 Dionis
924 829 1009 891 locus
1021 828 1098 891 mibi
1111 828 1246 906 obvenit,

211 961 248 1006 ex
272 961 334 1024 quo
349 942 489 1007 Tabulae
511 948 671 1005 auctorem
687 941 789 1004 Dione
811 941 1017 1004 recentiorem
1034 939 1131 1005 fuisse
1147 941 1247 1020 primo

211 1054 322 1118 obtutu
339 1056 478 1136 colligas.
512 1055 572 1118 Dio
588 1053 672 1118 enim
689 1071 733 1116 or.
751 1059 769 1118 9
793 1071 823 1132 p.
845 1057 904 1116 154
928 1058 1039 1116 murat
1062 1051 1244 1131 Diogenem,

212 1185 281 1230 cnm
305 1167 387 1232 ludis
410 1167 587 1231 Isthmiacis
611 1167 679 1244 ipse
701 1182 817 1228 corona
840 1181 873 1227 se
897 1170 1041 1229 ornasset
1060 1164 1100 1227 ob
1115 1181 1247 1243 eamque

209 1296 274 1342 rem
284 1279 494 1358 reprehensus
503 1283 599 1355 esset,
612 1277 728 1340 dixisse
736 1294 868 1356 magnos
877 1295 896 1340 a
904 1294 937 1339 se
950 1277 1049 1340 victos
1060 1276 1246 1340 esseadver-

212 1391 320 1470 sorios,
345 1410 415 1455 cum
438 1393 617 1470 superasset
639 1394 869 1470 paupertatem,
893 1386 1047 1466 exsilium,
1072 1386 1246 1462 infamiam,

210 1503 299 1581 iram,
316 1503 489 1580 tristitiam,
506 1503 721 1582 cupiditatem,
733 1506 862 1579 metum,
878 1506 945 1562 tum
959 1497 1090 1562 bestiam
1106 1496 1245 1560 omnium

209 1615 343 1679 manime
366 1616 526 1694 invictam,
550 1615 744 1695 voluptatem
753 1609 789 1692 ²).
836 1609 916 1675 Cum
938 1609 1087 1673 hocloco
1110 1608 1137 1672 si
1160 1625 1244 1672 com-

208 1727 369 1806 paraveris
392 1726 469 1790 Tab.
495 1731 535 1791 22
552 1745 609 1808 sq,
633 1743 703 1789 cnm
727 1740 881 1787 summam
904 1719 1117 1801 deprehendes
1133 1719 1244 1783 simili-

208 1838 363 1916 tudinem,
395 1844 463 1902 tum
488 1839 598 1903 Dionis
630 1838 843 1902 narrationem
874 1833 983 1900 Cebeti
1012 1836 1120 1895 notam
1147 1830 1246 1894 fuisse

208 1949 280 2013 inde
304 1951 526 2030 suspicaberis,
549 1949 632 2030 quod
656 1950 733 2012 vitia
757 1947 811 2011 illa
828 1953 924 2027 atque
939 1945 1035 2008 animi
1050 1941 1243 2022 affectiones,

207 2080 288 2145 quae
303 2063 450 2127 mulieres
465 2063 498 2124 in
507 2060 630 2126 Tabula
645 2062 723 2125 alias
739 2058 855 2140 ubique
870 2056 1041 2137 finguntur,
1058 2054 1110 2118 hic
1123 2054 1244 2120 bestiae

206 2172 351 2236 dicuntur
374 2171 426 2249 (of.
444 2171 521 2236 Tab.
549 2177 598 2252 18,
613 2171 694 2251 l,2).
731 2170 817 2248 Quae
841 2169 970 2235 offensio
993 2172 1118 2234 tantum
1141 2165 1243 2246 abest,

206 2291 241 2346 ut
268 2302 304 2348 eo
332 2285 414 2363 1000,
447 2284 500 2365 qui
528 2290 575 2348 est
599 2289 670 2362 26,2
699 2282 891 2362 (..ἐκείνας
916 2276 975 2358 τὰς
1000 2290 1176 2364 γυναῖκας,
1205 2271 1243 2355 ἃς

205 2397 286 2477 ἔφης
307 2399 412 2477 θηρία
436 2391 535 2476 εἶναι)
558 2396 703 2474 tollatur,
731 2395 839 2460 uthis
861 2395 965 2460 verbis
988 2394 1067 2458 nihil
1088 2393 1241 2474 probetur

205 2507 266 2573 uisi
289 2511 427 2573 auctoris
450 2508 650 2587 neglegentia
673 2513 705 2571 et
728 2509 866 2573 stultitia
888 2508 991 2572 aliena
1012 2513 1131 2572 temere
1153 2510 1241 2569 tran-

203 2619 384 2697 scribentis,
425 2637 566 2701 quaeque
607 2621 690 2684 inter
723 2639 757 2685 se
794 2621 958 2686 concinere
998 2638 1062 2684 nou
1097 2621 1240 2700 possunt,

204 2730 390 2793 concinnare
420 2731 584 2796 studentis.
635 2732 682 2796 Ne
713 2733 758 2795 sic
787 2731 910 2813 quidem
943 2731 997 2795 ilia
1027 2730 1240 2812 discrepantia

205 2843 348 2906 excusari
377 2847 497 2923 potest,
520 2848 556 2906 ut
579 2844 664 2908 dicas
695 2844 772 2907 vitia
800 2851 941 2907 monstra
962 2843 1038 2922 fingi
1060 2847 1151 2925 parte
1174 2860 1240 2906 cor-

203 2955 287 3032 poris
306 2954 463 3034 mnlieres,
486 2961 576 3034 parte
591 2956 710 3020 bestias
718 2953 753 3033 ³).
798 2957 925 3019 Etenim
948 2956 1040 3020 buius
1063 2957 1110 3020 rei
1132 2957 1166 3020 in
1186 2954 1240 3018 de-

202 3065 371 3144 scriptione
384 3068 450 3144 9,1;
470 3070 520 3145 10,
530 3071 589 3146 2,3
603 3067 687 3132 iacta
698 3065 818 3132 nullum
831 3074 935 3131 exstat
944 3067 1103 3132 indicium.
1127 3067 1239 3148 Itaque

202 3178 339 3241 manime
354 3178 438 3241 inter
452 3196 486 3242 se
501 3187 645 3258 pugnant
671 3186 721 3260 10,
734 3184 764 3260 2,
778 3186 812 3259 33
837 3186 884 3258 9,l
904 3186 936 3243 et
953 3185 1008 3257 22;
1033 3185 1083 3258 26,
1098 3183 1116 3243 2
1133 3184 1238 3242 autem

201 3289 439 3370 perseipsum
463 3290 634 3356 absurdum
658 3301 714 3357 est.
1136 3303 1142 3310 '

289 3399 415 3477 Quare
442 3402 533 3467 facile
556 3421 784 3484 conmroveare,
812 3411 847 3468 ut
870 3410 991 3468 statuas
1013 3404 1125 3468 Dionis
1148 3404 1236 3467 iilum

201 3512 299 3576 iocum
318 3513 441 3577 Pinacis
464 3517 583 3580 auctori
599 3515 797 3582 obversatum
813 3534 893 3594 esse,
916 3535 1059 3598 quaeque
1082 3516 1146 3580 iilic
1160 3515 1235 3580 Dio·

290 3717 307 3782 ¹)
327 3716 361 3770 cf.
380 3717 422 3771 die
440 3717 498 3771 zen
516 3716 541 3770 d.
561 3720 653 3785 Πίναξ
672 3716 738 3788 Κὲβ.
757 3736 784 3788 p.
805 3723 881 3788 lisq.

197 3905 231 3958 D·
250 3818 305 3959 α’)
324 3818 422 3876 Similia
446 3821 565 3875 narratio
590 3822 723 3877 iuvenitur
747 3824 819 3893 apud
844 3824 956 3879 eundem
980 3840 1019 3879 or.
1040 3827 1058 3877 8
1083 3841 1109 3892 p.
1138 3825 1186 3878 146
1195 3840 1233 3892 sq.

223 3919 249 3960 m
270 3945 306 4058 .³)
325 3991 383 4045 Hoc
402 3993 479 4047 modo
498 4009 530 4047 ea
549 3993 663 4050 describi
681 3995 802 4064 potuisse
820 4011 879 4050 cum
899 3997 997 4064 ipsare
1015 3997 1156 4050 erratione
1175 4013 1233 4064 por·

198 4077 320 4144 rpicuuru
334 4085 382 4144 eat,
401 4085 458 4132 turn
472 4077 565 4133 Dionia
578 4081 759 4150 chrysostomi
772 4080 865 4136 sabula
876 4081 976 4152 Libyca
994 4083 1042 4148 (cr.
1056 4083 1082 4152 5)
1095 4081 1232 4150 probatur.
