3132 4874
704 363 916 423 ..60-

292 535 431 596 terarum
455 529 551 596 studii
574 531 762 611 aestimatio,
786 550 847 613 qua
870 550 927 614 per
942 550 975 597 se
995 533 1098 615 ipsum
1113 532 1241 614 quidem
1265 551 1329 599 non

291 649 341 708 est
364 643 583 724 appetendum,
605 649 745 710 attamen
763 663 833 710 eam
856 645 895 709 ob
911 664 1039 710 oausam
1054 664 1116 709 non
1132 651 1220 710 caret
1241 645 1328 711 utili-

290 759 359 821 tate
381 755 527 838 qnadam,
551 757 634 840 quod
655 763 826 839 praeparat
840 759 961 824 animos
983 758 1022 821 ad
1037 759 1226 840 sapientiam
1248 759 1328 823 acci-

291 867 448 948 piendam,
473 867 611 934 Socratis
629 869 753 959 ratione
775 870 1016 952 philosophandi
1031 871 1125 950 plane
1141 876 1190 937 est
1212 870 1326 935 aliena.

291 977 409 1045 Similis
438 982 591 1063 quaedam
623 983 671 1046 vis
701 1001 719 1047 a
750 982 913 1062 Platone¹)
941 983 1123 1049 litterarum
1156 983 1327 1048 eruditioni

289 1093 491 1174 attribuitur,
525 1095 581 1159 sed
614 1113 654 1158 ne
685 1095 769 1176 apud
797 1093 880 1159 hunc
901 1095 1028 1178 quidem
1051 1096 1326 1160 ratiocinationem

290 1205 376 1269 iilam
399 1206 532 1286 invenis,
555 1225 617 1288 qua
639 1207 802 1272 scientiam
824 1207 1001 1272 litterarum
1031 1208 1116 1272 illam
1143 1208 1269 1289 quidem
1293 1210 1327 1274 in

291 1317 382 1383 bonis
404 1336 467 1383 non
490 1337 570 1400 esse,
593 1338 694 1401 neque
717 1326 821 1383 tamen
837 1319 981 1384 inutilem
997 1339 1067 1386 esse
1083 1320 1326 1386 demonstretur.

290 1428 378 1496 Haec
399 1433 490 1497 unice
522 1451 539 1497 e
569 1432 745 1498 Stoicorum
777 1433 935 1498 sententia
966 1437 1014 1498 est
1043 1434 1239 1515 explicanda,
1273 1435 1327 1516 qui

290 1561 385 1607 unum
408 1545 524 1610 bonum
547 1564 618 1612 esse
641 1547 814 1626 voluerint,
835 1547 1000 1625 virtutem,
1024 1564 1125 1627 neque
1147 1554 1253 1612 tamen
1276 1545 1291 1610 f
1312 1579 1325 1589 ·

289 1672 359 1720 cere
380 1659 556 1738 potuerint,
586 1660 662 1740 quin
695 1659 773 1725 alias
802 1678 926 1742 quoque
956 1677 1007 1724 res
1029 1660 1169 1724 utilitate
1192 1659 1326 1740 quadam

289 1786 359 1832 esse
378 1771 592 1836 concederent.
638 1773 682 1838 Et
703 1772 844 1853 profecto
867 1771 989 1838 Stoicos
1012 1773 1233 1838 convenienter
1254 1791 1325 1838 cum

289 1879 428 1946 Tabulae
451 1890 579 1950 anctore
602 1886 640 1951 de
668 1886 790 1951 artibus
819 1886 971 1966 sensisse,
1002 1903 1072 1950 cum
1096 1904 1134 1951 ea
1156 1886 1325 1965 declarant,

289 2013 369 2076 qnae
391 2013 409 2058 e
431 1996 566 2064 Senecae
589 2018 636 2080 ep.
661 2003 702 2064 88
725 2017 821 2080 supra
847 1999 1083 2078 exscripsimus
1108 2004 1175 2063 tum
1198 1999 1324 2080 Didymi

288 2109 374 2175 locus
405 2129 425 2175 a
453 2110 622 2176 Mullachio
645 2113 677 2177 ΙΙ
702 2118 741 2178 67
774 2111 902 2178 allatus:
943 2114 1169 2194 φιλομουσίαν
1201 2107 1238 2176 δὲ
1269 2108 1325 2175 καὶ

288 2226 578 2307 φιλογραμματίαν
589 2273 615 2292 ..
632 2221 687 2290 καὶ
702 2220 854 2290 καθόλου
869 2218 926 2301 τὰς
942 2224 1136 2309 ἐγκυκλίους
1145 2223 1325 2309 λεγομένας

287 2331 402 2417 τέχνας
424 2333 664 2421 ἐπιτηδεύματα
687 2336 748 2419 μὲν
770 2341 946 2420 καλοῦσιν,
975 2319 1153 2423 ἐπιστήμας
1180 2330 1264 2418 δὀὔ,
1288 2339 1324 2401 ἔν

288 2468 322 2510 τε
337 2457 407 2524 ταῖς
430 2452 627 2527 σπουδαίαις
641 2448 725 2528 ἕξεσι
747 2454 850 2515 ταῦτα
872 2453 1125 2533 καταριθμοῦσι.
1172 2453 1209 2516 In
1233 2467 1324 2531 prae-

287 2559 399 2637 positis
415 2561 520 2642 rebus,
544 2580 622 2643 quas
644 2561 837 2645 προηγμένα
853 2563 950 2630 Stoici
972 2564 1129 2646 dixerunt,
1153 2563 1231 2644 ipsis
1254 2579 1324 2627 ver-

287 2668 336 2734 bis
358 2688 432 2735 raro
463 2672 589 2738 invenio
619 2680 704 2741 artes
733 2682 914 2742 numeratas
937 2673 993 2760 (cf.
1016 2677 1109 2756 Diog.
1133 2676 1238 2741 Laert.
1263 2674 1323 2739 VII

290 2786 365 2847 106:
402 2783 596 2869 προηγμένα
628 2783 689 2866 μὲν
722 2774 784 2852 οὖν
807 2783 892 2853 εἶναι
910 2838 916 2850 .
933 2835 967 2853 ..
990 2785 1143 2872 τέχνην),
1176 2786 1230 2852 sod
1253 2787 1323 2852 aliis

286 2894 391 2959 verbis
413 2896 495 2961 idem
519 2897 714 2980 exprimitur,
738 2917 808 2965 curn
832 2899 919 2966 Stob.
943 2901 998 2965 ecl.
1028 2906 1087 2966 173
1110 2919 1140 2980 γι.
1161 2886 1202 2964 4'2
1226 2899 1322 2964 Mein.

287 3015 569 3074 commemorantur
579 3009 690 3095 τέχναι
706 3006 781 3077 ὅσαι
794 3008 956 3078 δύνανται
968 3024 1144 3097 συνεργεῖν
1156 3011 1324 3077 ἑπιπλείον

285 3114 369 3203 πρὸς
397 3115 457 3187 τὸν
488 3116 570 3188 κατὰ
600 3120 706 3208 φύσιν
738 3127 823 3207 βίον.
870 3127 942 3191 Non
971 3126 1182 3192 necessariam
1205 3125 1323 3190 artium

288 3234 497 3301 eruditionem
520 3255 540 3302 a
563 3235 678 3303 Stoicis
706 3244 848 3319 putatam
879 3257 947 3305 esse
976 3241 1068 3304 testis
1100 3244 1148 3305 est
1170 3239 1323 3320 Didymus

286 3346 389 3427 (Muli.
412 3348 445 3413 11
479 3367 510 3430 p.
534 3346 608 3432 69):
642 3341 807 3433 ιἰναγκαία
838 3347 899 3431 μὲν
929 3344 988 3428 τὰς
1017 3342 1136 3434 ιἰρετδις
1156 3346 1287 3428 πάσας.
1314 3401 1320 3416 .

287 3450 349 3525 οὐκ
371 3450 536 3543 ιἰναγκαία
560 3458 597 3526 δὲ
613 3510 620 3526 .
637 3510 669 3527 ..
693 3456 733 3528 τδι
756 3459 1007 3547 ἐπιτηδεύματα.

373 3573 492 3652 Quodsi
508 3573 632 3640 Stoicae
648 3574 786 3640 familiae
802 3576 942 3642 Tabulae
958 3583 1068 3642 auctor
1082 3583 1151 3642 erat
1166 3577 1321 3657 addictus,

289 3703 423 3766 quanam
452 3692 559 3752 aetate
589 3706 660 3753 eum
688 3686 784 3753 fuisse
811 3690 1006 3754 statuemus?
1050 3688 1225 3755 Scbaberus
1248 3695 1323 3756 ante

286 3799 422 3863 medinm
444 3800 573 3866 tertium
596 3819 625 3865 a.
650 3801 723 3867 (ihr.
747 3818 778 3866 n.
802 3801 959 3866 saeculum
982 3802 1050 3866 vult
1072 3801 1220 3866 Pinacem
1247 3820 1321 3867 con·

285 3921 459 3932 *—

372 3972 395 4041 ¹)
413 3973 515 4042 Derap.
527 3973 674 4028 vlloaod:
684 3967 719 4028 τὰ
729 3970 888 4043 abacelam
898 3972 1076 4040 λογισμῶντε
1086 3971 1135 4026 καὶ
1145 3976 1321 4044 γεωμετριῶν

284 4055 334 4111 καὶ
357 4052 450 4127 πάσης
474 4060 525 4131 τῆς
548 4059 738 4129 προπαιδείας
761 4051 797 4129 ἣν
821 4060 871 4129 τῆς
889 4059 1066 4130 διαλεκτικῆς
1083 4059 1134 4114 δεῖ
1146 4061 1320 4129 προπαιδευ-

283 4144 384 4214 θῆναι,
402 4144 499 4199 παισὶν
517 4135 581 4201 oio
598 4140 650 4216 χρὴ
669 4140 845 4217 προβάλλειν.
