3124 4870
710 341 947 402 -116—

310 526 403 590 quarn
428 514 465 571 ut
487 509 699 588 exemplorum
715 511 917 574 multitudine
933 516 1084 590 congesta
1097 518 1255 592 qnatenus
1272 531 1348 576 usus

310 620 455 686 abonae
479 617 669 685 Graecitatis
702 622 927 687 consuetudine
957 622 1108 688 recedens
1139 624 1262 689 auctori
1290 625 1346 687 im-

308 734 414 815 putari
435 739 547 815 possit,
571 735 665 799 liceat
681 740 832 799 statuere.
879 734 998 798 Tamen
1013 735 1073 798 viri
1093 735 1177 800 docti
1200 736 1247 799 illi
1262 743 1347 801 recte

308 846 420 911 iecisse
448 848 526 911 mihi
548 847 696 911 videntur
723 848 806 927 quod
834 847 1090 912 emendaverunt.
1129 847 1239 912 Priore
1263 849 1346 913 enim

308 963 377 1026 loco
400 957 478 1024 iilud
494 953 549 1024 ὅτε
572 960 621 1023 vel
637 978 674 1023 ea
690 978 725 1024 re
741 958 987 1033 commendatur,
1011 959 1093 1041 qnod
1108 960 1242 1025 causalis
1260 962 1346 1026 notio

307 1072 446 1137 obtinet:
471 1072 511 1136 Et
533 1070 609 1152 quid
631 1070 690 1135 hoc
713 1072 758 1136 eis
779 1071 910 1153 prodest
934 1069 1026 1150 (nihil
1041 1070 1101 1136 hoc
1122 1074 1168 1136 eis
1191 1071 1344 1154 prodest),

305 1187 455 1266 quoniam
477 1187 593 1252 multos
617 1186 690 1252 licet
711 1185 836 1251 videre.
850 1186 888 1250 ,1
910 1205 1005 1268 quam
1029 1181 1111 1251 ὅταν
1127 1187 1342 1253 coniunctioni

306 1300 434 1366 subesse
456 1318 548 1381 posse
564 1299 754 1381 Thucydidis
780 1303 971 1378 1,141,142
994 1299 1168 1378 declarant,
1191 1300 1246 1363 sed
1262 1294 1345 1364 ὅταν

305 1413 365 1478 hac
393 1411 624 1493 significatione
655 1413 833 1492 rarissime,
867 1405 922 1477 dra
951 1414 1135 1493 saepissime
1164 1412 1343 1477 adhibetur.

304 1523 394 1590 Adde
435 1526 518 1605 quod
552 1519 633 1590 ὅταν
672 1530 705 1590 11
739 1518 792 1590 ὅτε
830 1543 886 1607 per
927 1525 1185 1590 abbreviatorem
1222 1526 1342 1605 scripta

303 1636 453 1702 facillime
480 1637 563 1701 inter
590 1655 624 1701 se
646 1635 929 1702 confundebantur.
984 1637 1067 1702 Huic
1094 1641 1200 1701 autem
1223 1637 1291 1702 loco
1316 1638 1344 1701 si

304 1749 556 1815 emendationem
574 1749 730 1828 admoves,
753 1768 835 1816 unus
851 1750 990 1830 reliquus
1011 1754 1070 1829 est,
1094 1768 1156 1832 quo
1173 1742 1253 1812 ὅταν
1272 1766 1343 1812 cum

289 1863 475 1940 ¹indicativo
507 1862 734 1943 coniungatur,
768 1880 837 1925 cum
871 1867 991 1941 septem
1023 1863 1100 1928 locis
1131 1861 1234 1942 (40,1;
1267 1859 1342 1940 31,4

303 1975 366 2053 bis,
392 1981 465 2054 31‚2
489 1975 552 2054 bis3
579 1979 667 2055 14,4;
694 1975 779 2055 16,4)
803 1994 858 2052 ea,
881 1992 961 2055 quae
984 1975 1078 2054 solet,
1103 1980 1265 2040 structura
1287 1973 1341 2038 ob·

302 2089 412 2153 tineat.
458 2089 571 2169 Itaque
598 2086 707 2151 dubito
737 2104 778 2150 an
802 2085 953 2151 audacius
981 2105 1044 2150 non
1073 2087 1115 2152 sit
1142 2087 1192 2152 hic
1218 2105 1341 2169 quoque

302 2198 501 2281 corrige1·e.¹)

388 2313 477 2377 Haec
502 2310 614 2389 habui,
645 2311 684 2375 de
712 2311 835 2376 ratione
864 2311 947 2376 inter
977 2313 1116 2393 optimae
1147 2311 1340 2377 Graecitatis

303 2427 474 2506 scriptores
501 2430 534 2490 et
562 2423 725 2501 Cebetem,
757 2423 996 2503 grammaticam
1025 2425 1051 2488 si
1074 2432 1218 2506 spectas,
1242 2425 1339 2489 inter·

302 2541 433 2604 cedente
461 2554 542 2618 quae
572 2534 752 2616 dicerem.²)
782 2537 886 2616 Atque
916 2550 1017 2618 pauca
1040 2555 1124 2616 esse,
1154 2536 1268 2617 quibus
1297 2538 1339 2602 ab

301 2705 474 2713 —————-

390 2795 412 2864 1)
431 2792 676 2862 Schweighaeuseri
705 2792 881 2846 coniecturam
912 2791 1084 2858 praetulerim
1109 2791 1246 2845 scribentis
1269 2783 1339 2844 ὅτων

300 2878 338 2953 μὴ
362 2877 541 2948 ἐπίστωνται,
561 2880 661 2948 quippe
679 2893 747 2946 quae
765 2877 901 2945 minorem,
919 2893 998 2945 quam
1017 2877 1148 2945 Sauppei,
1165 2877 1339 2932 mutationem

298 2971 427 3039 requirat.

389 3071 489 3142 ²)31,4
507 3072 535 3124 in
554 3070 682 3124 Drosihni
706 3069 820 3122 editione
843 3068 909 3135 legis
927 3059 973 3136 ἐφ’
992 3059 1014 3138 ᾦ
1033 3059 1120 3120 ούδὲν
1138 3061 1269 3134 κωλύειν,
1292 3068 1338 3122 ubi

298 3159 365 3214 illud
385 3149 472 3212 ούδὲν
496 3172 557 3210 cum
575 3156 661 3209 bonae
680 3153 839 3208 Graecitatis
863 3168 912 3207 usu
930 3160 1046 3220 pugnam
1070 3167 1125 3220 qua
1142 3167 1172 3206 re
1189 3151 1338 3208 Jerramius

297 3263 328 3301 eo
354 3247 449 3301 ductus
476 3250 530 3312 cst,
559 3249 589 3296 ut
614 3241 765 3298 emendaret
787 3237 886 3308 μηδὲν.
928 3239 980 3294 Sed
1005 3239 1157 3294 emendatio
1180 3239 1286 3293 facilior
1308 3241 1336 3294 in

300 3340 430 3402 promptu
448 3338 496 3386 est.
534 3329 616 3384 Oodd.
639 3328 709 3383 enim
732 3327 825 3396 optimi
846 3327 989 3395 praebent:
1015 3318 1060 3395 ἐφ’
1080 3318 1101 3398 ᾧ
1121 3317 1208 3380 oridia:
1224 3319 1337 3394 κωλύει,

299 3419 448 3473 deteriores
472 3417 524 3472 duo
544 3408 590 3486 ἐφ’
608 3407 630 3488 ᾦ
650 3407 736 3468 οὐδὲν
754 3407 875 3468 κωλύειν
895 3414 997 3481 (Muell.
1016 3431 1042 3482 p.
1061 3415 1113 3477 54).
1149 3413 1279 3482 Equidem
1297 3414 1337 3468 ita

302 3505 506 3573 emendaverim,
524 3511 555 3558 ut
574 3503 686 3558 scribam
704 3495 836 3565 κωλύσει;
855 3500 932 3554 indic.
946 3501 1014 3555 enirn
1027 3500 1077 3554 int.
1090 3502 1162 3568 apud
1175 3498 1241 3553 illud
1256 3489 1336 3571 ἔφ’ᾆι

296 3593 451 3662 saepissime
473 3591 619 3658 invenitur3
644 3580 679 3642 ού
698 3589 851 3656 appositum
876 3593 917 3641 est
934 3586 1032 3641 Herod.
1057 3589 1086 3654 3,
1105 3589 1151 3640 83:
1180 3580 1227 3639 ea
1243 3579 1335 3657 τούτῳ

299 3673 489 3748 ὑπεξίσταμαι
513 3679 564 3747 τῆς
588 3667 689 3744 ἀρχῆς,
718 3665 760 3727 ἐπ’
786 3665 837 3746 ᾧτε
865 3664 912 3726 ὑπ’
941 3664 1061 3732 ούδενὸς
1085 3663 1181 3738 ύμέωκ
1205 3665 1335 3740 ἄρξομαι.

385 3768 442 3833 14,9
451 3759 513 3818 τότε
525 3755 561 3816 ἄν
572 3752 646 3815 οὕτω
659 3754 852 3828 sadducaeum
866 3756 1335 3826 11314.81111111111111111111-

295 3837 346 3907 luit
360 3846 423 3906 τότε
437 3845 473 3919 δὴ
488 3841 562 3904 οὕτω
574 3889 580 3902 .
592 3889 615 3904 ..
655 3848 694 3901 1)1
705 3846 757 3902 hac
766 3862 796 3900 rc
809 3844 843 3899 cf.
857 3843 1037 3909 Schmidtium,
1050 3843 1082 3895 de
1095 3858 1145 3896 om.
1157 3843 1228 3911 apud
1242 3849 1296 3911 opt.
1309 3849 1335 3896 et

295 3939 363 3993 coni.
377 3931 414 3991 ύν
426 3937 521 4006 partic.
539 3952 630 3992 comnr.
643 3950 670 4002 p.
683 3935 708 3999 9,
724 3932 757 3986 de
769 3937 847 3985 tract.
867 3936 936 4000 synt.
950 3929 1044 3982 Graec.
1058 3933 1108 3982 rat.
1119 3943 1210 3983 comm.
1223 3943 1251 3995 p.
1261 3928 1333 3982 XIV.

384 4025 414 4076 In
433 4039 483 4077 usu
502 4021 691 4076 vocabulorum
712 4010 804 4084 ὥσπερ
827 4025 854 4069 11
871 4008 1005 4081 καθάπερ
1024 4012 1106 4069 Cebes
1124 4015 1256 4070 consentit
1274 4030 1333 4067 cum

293 4109 431 4178 prioribus
462 4109 583 4163 Platonis
615 4107 722 4174 scriptis
753 4104 796 4172 (of.
825 4100 1060 4167 Dittenbergerum
1089 4103 1180 4156 Herm.
1208 4102 1272 4154 XVI
1291 4103 1331 4168 3):

1547 3280 1557 3316 d
