3132 4874
715 337 925 395 ..45..

304 523 365 566 cuc.
410 505 569 568 Πλοῦτον
592 498 630 568 ol
734 494 837 567 οὐδὲν
858 496 978 567 κωλύει
1000 494 1164 586 ὑπάρχειν
1186 501 1252 567 τινί
1275 497 1343 584 ἅμα

303 607 382 696 μετὰ
405 616 522 690 κακίας
544 613 697 696 πολλῆς),
730 613 833 679 forma
863 615 989 695 paulum
1015 615 1182 680 immutata
1205 621 1237 680 et
1259 616 1343 695 apud

303 726 452 791 Senecam
475 734 507 793 et
526 726 610 807 apud
625 727 767 791 Marcum
784 727 946 792 Aurelium
970 727 1137 807 reperitur.
1175 727 1235 793 Ille
1258 729 1342 792 enim

303 858 352 922 ep.
369 844 420 919 87,
439 844 477 904 15
501 839 548 904 sic
563 844 819 918 argumentatur:
842 837 930 916 Quod
947 839 1216 919 contemptissimo
1232 841 1344 923 cuique

304 951 485 1032 contingere
515 969 553 1016 ac
582 951 766 1032 turpissimo
796 956 914 1032 potest,
945 950 1061 1016 bonum
1084 969 1146 1015 non
1171 959 1233 1016 est:
1268 971 1344 1033 opes

305 1071 411 1129 autern
435 1069 467 1128 et
489 1063 593 1128 lenoni
626 1068 658 1127 et
680 1064 816 1128 lanistae
847 1063 1047 1143 contingunt:
1080 1081 1155 1144 ergo
1185 1083 1248 1128 non
1271 1070 1346 1128 sunt

306 1179 399 1242 bona.
444 1175 508 1241 Ubi
530 1175 608 1240 illud
640 1176 859 1256 „turpissimo“
886 1174 980 1240 lacile
1003 1191 1155 1254 agnosces
1179 1176 1261 1240 idem
1283 1175 1368 1240 sibi¹

305 1290 395 1368 velle,
418 1288 503 1369 quod
517 1288 601 1368 apud
620 1287 768 1352 Cebetem
791 1287 868 1351 illud
885 1281 953 1367 ἅμα
974 1279 1055 1367 μετὰ
1077 1289 1192 1362 κακίας
1214 1289 1345 1370 πολλῆς.

307 1401 433 1466 Artiore
467 1400 563 1466 etiam
601 1402 790 1482 cognatione
827 1418 899 1465 cum
934 1399 1065 1465 Cebetis
1102 1399 1347 1465 ratiocinatione

307 1513 541 1592 coniunguntur
573 1531 655 1593 quae
683 1513 811 1578 Marcus
845 1512 992 1578 Aurelius
1026 1512 1070 1576 IV
1107 1517 1147 1577 39
1179 1511 1345 1593 praecipit:

306 1623 444 1706 κρινέτω
474 1619 553 1708 μήτε
585 1619 690 1689 κακόν
719 1649 750 1689 τι
780 1620 866 1690 εἶναι
895 1620 975 1709 μήτε
1006 1617 1156 1707 ἀγαθὸν,
1189 1619 1207 1688 t
1234 1623 1349 1706 ἐπίσης

309 1731 451 1800 δύναται
474 1737 564 1823 κακῷ
588 1728 689 1818 ἀνδρὶ
711 1735 767 1801 καί
790 1730 908 1824 ἀγαθῷ
932 1739 1138 1818 συμβαίνειν.

395 1848 440 1912 Ut
460 1849 566 1912 omnia
581 1849 642 1913 iam
659 1849 931 1930 comprehendam,
948 1850 1050 1914 erbis
1066 1849 1350 1929 argumentationi·

309 1959 377 2040 bus,
400 1960 513 2042 quibus
529 1961 658 2028 divitias
670 1963 703 2025 in
718 1963 810 2027 bonis
826 1961 1039 2028 numerandas
1055 1980 1118 2026 non
1134 1980 1205 2028 esse
1221 1963 1349 2026 demon-

310 2079 440 2154 stratur,
463 2094 527 2140 una
543 2076 627 2157 apud
640 2076 804 2141 Platonem
820 2076 988 2153 invenitur,
1005 2075 1059 2139 sed
1075 2076 1125 2140 vel
1141 2074 1219 2139 haec
1233 2093 1253 2138 a
1268 2073 1350 2138 Stoi·

310 2188 355 2251 cis
367 2189 490 2252 exculta
507 2189 539 2252 in
558 2187 812 2270 strictioremque
823 2188 957 2253 formam
968 2192 1016 2251 est
1028 2185 1195 2266 redacta1).
1219 2185 1351 2250 Ceterae

310 2318 421 2365 omnes
437 2299 613 2366 Stoicorum
632 2306 706 2366 sunt
721 2302 878 2382 propriae.
902 2301 950 2364 Ex
962 2301 1100 2381 quinque
1112 2299 1177 2363 illis
1193 2297 1350 2362 sollemni-

313 2410 372 2475 bus
388 2411 514 2477 scbolae
530 2413 793 2492 conclusionibus,
818 2413 857 2477 de
879 2411 993 2495 quibus
1009 2410 1128 2476 Seneca
1151 2409 1278 2490 exponit
1301 2427 1351 2488 ep.

312 2528 364 2603 87,
378 2530 442 2589 tres
452 2524 513 2589 hae
522 2525 555 2589 in
563 2525 686 2591 Tabula
697 2526 882 2591 obveniunt:
906 2524 1231 2603 1.Quodbonumest‚
1252 2522 1352 2586 bonos

312 2635 390 2700 iacit
413 2641 490 2715 ect.;
515 2641 543 2701 2.
568 2638 656 2716 Quod
680 2637 950 2718 contemptissimo
974 2637 1086 2715 cuique
1109 2635 1292 2712 contingere
1315 2651 1353 2697 ac

312 2747 495 2827 turpissimo
518 2755 673 2828 potest..
698 2754 772 2828 ect.;
797 2755 825 2812 3.
849 2748 971 2813 Bonum
995 2766 1034 2811 err
1049 2746 1131 2811 malo
1155 2764 1217 2811 non
1241 2744 1299 2809 iit.
1319 2793 1351 2807 ..

313 2866 371 2923 eet.
417 2858 507 2936 Quae
538 2860 623 2942 apud
653 2859 803 2925 Senecam
837 2878 899 2925 non
929 2863 1098 2925 occurrunt
1129 2858 1190 2923 duo
1225 2857 1352 2922 Cebetis

313 2978 516 3054 argumenta,
547 2992 585 3037 ea
607 2971 721 3038 Stoicis
748 2973 780 3037 in
804 2992 864 3038 usu
886 2960 985 3037 fuisse
1008 2970 1100 3036 testis
1123 2974 1172 3034 est
1196 2970 1353 3048 Diogenes

314 3086 462 3151 Laertius
494 3084 555 3150 VII
587 3089 661 3149 103:
701 3076 751 3148 orl
775 3086 902 3166 μᾶλλον
930 3081 968 3147 δὲ
990 3072 1153 3164 &palatui
1175 3075 1311 3161 βλάπτει
1335 3072 1353 3142 ὁ

314 3201 459 3273 πλοῦτος
481 3196 535 3262 καί
558 3188 578 3280 ἡ
602 3189 736 3280 ὑγίεια·
760 3189 822 3262 οὐκ
852 3191 916 3280 ἄρα
946 3188 1079 3279 ἀγαθὸν
1108 3188 1185 3258 οὔτε
1211 3192 1355 3264 πλοῦτος

316 3303 393 3373 οὔτε
426 3302 545 3392 ὑγίεια.
587 3303 659 3372 ”Era
692 3308 731 3373 δέ
760 3325 879 3392 φασιν,
911 3294 939 3396 ᾦ
970 3310 1060 3372 ἔστιν
1091 3292 1129 3370 εὖ
1161 3301 1217 3369 καὶ
1247 3304 1356 3377 κακῶς

315 3422 460 3502 χρῆσθαι
483 3427 542 3487 ect.
565 3423 607 3502 (v.
632 3440 728 3503 supra
749 3440 779 3504 p.
804 3423 868 3499 45).

403 3532 599 3613 Argumenta
621 3533 675 3596 illa
698 3553 717 3598 a
740 3533 859 3598 Seneca
882 3535 1033 3613 congesta
1056 3530 1084 3596 si
1107 3534 1192 3595 recte
1215 3529 1356 3593 Zellems

317 3644 363 3726 (d.
385 3644 466 3709 Phil.
490 3645 520 3709 d.
544 3644 598 3709 Gr.
621 3645 670 3708 ΙΙΙ
696 3650 710 3708 1
736 3663 765 3725 p.
793 3649 853 3708 199
876 3664 908 3709 n.
934 3641 964 3724 l)
998 3643 1177 3722 suspicatur
1207 3659 1246 3705 er
1267 3637 1356 3704 Posi·

318 3756 403 3822 donii
427 3757 534 3822 schola
557 3774 713 3836 manasse,
738 3756 941 3820 statuendum
964 3759 1014 3819 est
1037 3771 1100 3818 non
1123 3758 1197 3818 ante
1220 3752 1356 3833 primurn

319 3887 338 3931 a
362 3867 434 3934 Chr.
458 3890 489 3934 n.
513 3869 670 3934 saeculum
694 3867 848 3932 Tabulam
871 3885 940 3931 esse
973 3865 1158 3932 confectam.
1203 3864 1264 3929 Sed
1287 3880 1357 3928 curn

321 4027 493 4036 ——-—

407 4109 433 4179 ¹)
451 4108 485 4163 cl.
502 4126 528 4178 p.
547 4112 589 4166 tt.
