3124 4870
741 334 955 395 „55-

331 507 364 568 et
386 502 636 566 momentanea“.
675 502 814 580 Quorum
837 504 956 568 nemini
976 504 1139 569 assentior.
1177 504 1367 569 Meinersius

330 615 415 680 enim
437 632 491 679 eos
508 615 590 680 locos
604 615 754 696 neglexit,
778 615 891 696 quibus
911 615 1083 695 Opiniones
1099 616 1139 679 ad
1161 617 1293 680 salutem
1310 615 1366 678 du-

330 733 436 794 centes
459 732 742 792 commemorantur
764 727 846 808 (6,2;
864 727 950 808 11,1)
973 728 1151 808 hilaresque
1174 732 1206 791 et
1227 727 1367 791 ridentes

330 858 385 905 eae
409 840 581 920 Opiniones
604 839 836 920 praedicantur,
861 858 941 922 quae
963 839 1002 904 ad
1024 857 1130 903 veram
1157 839 1367 903 eruditionem

330 952 473 1018 homines
485 953 699 1032 perduxerunt
710 950 827 1035 (29,l).
865 952 987 1030 Quibus
999 953 1075 1018 loeis
1092 952 1174 1016 clare
1189 951 1367 1015 ostenditur

328 1083 392 1128 non
424 1065 532 1144 utique
559 1064 654 1130 falsas
682 1066 845 1146 opiniones
873 1084 892 1128 a
924 1062 1039 1128 Cebete
1066 1080 1136 1127 esse
1159 1064 1365 1128 existimatos.

330 1176 487 1242 Jerramio
503 1175 615 1242 deinde
636 1177 821 1257 respondeo,
845 1195 919 1239 num
941 1176 1010 1255 ipse
1027 1173 1171 1240 Socrates
1186 1176 1365 1256 opinionem

329 1294 362 1352 et
383 1289 544 1353 seientiam
562 1289 750 1370 distinxerit,
773 1290 1015 1370 haudquaquam
1035 1306 1092 1368 pro
1112 1288 1275 1367 explorato
1297 1304 1366 1350 esse

328 1399 516 1465 habendum.
563 1403 651 1467 Inter
673 1403 837 1468 Platonem
859 1408 962 1466 autem
987 1406 1019 1465 et
1042 1399 1184 1464 Tabulae
1205 1403 1365 1463 auctorem

327 1512 387 1577 boc
407 1514 550 1593 interest,
574 1514 656 1594 quod
678 1515 732 1578 ille
755 1533 907 1596 nusquam
930 1512 1092 1578 contendit
1107 1513 1146 1576 ab
1162 1511 1365 1593 opinionibus

329 1630 361 1689 et
389 1627 483 1690 rectis
512 1631 545 1690 et
571 1626 659 1690 falsis
689 1627 864 1705 sapientem
887 1627 1001 1690 debere
1023 1625 1157 1689 liberum
1180 1641 1263 1701 esse,
1293 1640 1362 1686 cum

331 1743 499 1818 utrumque
514 1757 613 1818 genus
627 1739 809 1818 opinionum
832 1738 1055 1818 impedimento
1078 1738 1120 1801 sit
1141 1755 1182 1800 ne
1204 1736 1243 1800 ad
1258 1752 1363 1798 veram

328 1850 534 1914 eruditionem
558 1851 750 1916 accedamus
795 1851 885 1916 Hanc
906 1857 1010 1915 autem
1036 1849 1162 1915 Cebetis
1193 1865 1262 1913 esse
1290 1865 1363 1911 sen-

328 1963 459 2026 tentiam
482 1963 515 2026 hi
542 1964 601 2028 loci
627 1962 802 2028 declarant:
831 1969 918 2042 14,3;
942 1955 983 2027 οὐ
1006 1955 1050 2046 μὴ
1074 1954 1203 2042 ἆτίίθῃ
1226 1952 1278 2030 ἀτί
1303 1952 1363 2024 αὐ-

326 2076 395 2138 των
418 2067 494 2139 οὔθ’
510 2066 531 2159 ἡ
555 2071 637 2153 δόξα
653 2067 761 2159 οὕίίὴ
778 2068 875 2158 λοιπὴ
897 2077 995 2139 κακία
1078 2079 1115 2138 4:
1132 2067 1215 2136 ὅταν
1236 2077 1363 2154 καθαρ-

326 2189 414 2250 θωσι
436 2184 492 2251 καὶ
510 2184 673 2268 ἐκβάλωσι
694 2181 735 2251 τὰ
757 2181 842 2252 κακὰ
868 2177 1067 2251 πάνθ’ὅιίᾶν
1087 2178 1199 2266 ἐ’χωσι,
1227 2180 1283 2247 καὶ
1305 2176 1363 2258 τὰς

327 2293 426 2376 δόξας
452 2296 508 2363 καὶ
533 2293 596 2382 τὴν
624 2294 767 2382 ἄγνοιαν
793 2297 849 2364 καὶ
870 2293 932 2381 τὴν
955 2291 1075 2382 λοιπὴν
1098 2298 1217 2360 κακίαν
1239 2297 1361 2376 πᾶσαν,

325 2405 400 2475 τότε
431 2402 474 2474 ἂν
505 2406 592 2476 οὕτω
623 2407 846 2495 σωθήσονται.
906 2417 977 2492 14,3
1008 2409 1186 2492 quaerenti,
1222 2427 1296 2472 num
1329 2407 1361 2469 in

326 2520 423 2587 falsae
459 2523 646 2589 eruditionis
682 2530 824 2605 saeptum
858 2523 1031 2604 Opiniones
1058 2524 1230 2600 introeant,
1266 2539 1363 2586 senex

326 2633 507 2713 respondet:
536 2637 625 2699 Ναί·
639 2634 729 2716 μένει
751 2629 825 2719 γὰρ
852 2633 908 2700 καί
934 2634 971 2699 ἐν
993 2628 1125 2709 τούτοις
1150 2626 1188 2696 τὸ
1211 2627 1318 2716 Ῐκόμα,
1342 2627 1361 2697 8

326 2747 421 2810 ἔτιον
455 2739 543 2828 παρὰ
571 2749 629 2831 τῆς
656 2739 803 2828 Ἀπάτης.
857 2749 957 2813 Error
987 2749 1085 2826 igitur
1116 2752 1148 2811 et
1181 2747 1363 2826 ignorantia

329 2856 381 2938 (cf.
406 2855 474 2938 5,3)
502 2857 574 2924 fons
601 2864 676 2924 sunt
704 2865 737 2923 et
763 2861 851 2940 origo
875 2860 1066 2940 opinionum.
1113 2864 1201 2937 aad:
1230 2853 1300 2923 εἶτα
1321 2851 1359 2923 τὸ

326 2967 440 3052 ἕτερον
464 2962 526 3052 οὐχ
544 2962 634 3056 ὁρᾷς,
658 2965 708 3035 ὅτι
730 2969 786 3036 καὶ
802 2973 838 3036 αί
851 2967 957 3049 Δόξαι
980 2969 1016 3034 ἐκ
1038 2972 1098 3034 τοῦ
1120 2967 1256 3054 κρωτον
1270 2992 1361 3050 περι-

325 3077 430 3162 βόλου
453 3077 704 3165 εἰσπορεύονται
719 3077 802 3166 πρὸς
822 3076 945 3158 αὐτοὺς
968 3074 1104 3166 ὁμοίως;
1120 3077 1238 3147 Ὥστε
1262 3075 1360 3148 οὐδὲν

326 3179 420 3258 οὗτοι
442 3193 578 3259 ἐκείνων
600 3197 751 3277 βελτίους
772 3197 858 3260 είσίν
874 3247 881 3260 .
898 3244 931 3259 ..
956 3194 1005 3259 Ad
1024 3213 1130 3260 veram
1153 3195 1360 3260 eruditionem

327 3305 501 3387 Opiniones
524 3307 674 3390 quaedam
698 3308 773 3372 illae
795 3308 919 3388 quidem
942 3307 1131 3389 perducunt,
1155 3307 1209 3372 sed
1233 3308 1273 3372 ad
1295 3308 1359 3372 vir-

325 3421 411 3481 tutes
433 3419 553 3483 intrare
575 3420 614 3485 iis
637 3438 699 3484 non
723 3421 811 3501 licet;
833 3437 935 3502 neque
956 3421 1041 3484 enim
1063 3420 1111 3486 fas
1133 3426 1181 3486 est
1197 3421 1237 3486 ad
1253 3419 1359 3485 Scien-

324 3529 403 3594 tiam
426 3529 572 3595 accedere
595 3531 799 3613 Opinionem;
824 3537 914 3612 29‚3.
953 3533 1041 3598 Haec
1063 3534 1170 3612 igitur,
1194 3538 1231 3597 ut
1253 3532 1359 3596 omnia

324 3642 387 3706 iam
410 3642 679 3723 comprehendam,
704 3645 742 3710 de
759 3645 958 3726 opinionibus
974 3644 1065 3710 docet
1081 3644 1195 3711 Cebes:
1220 3649 1252 3710 et
1267 3661 1358 3709 veras

325 3755 489 3834 opiniones
504 3772 572 3819 csse
586 3760 619 3819 et
634 3755 740 3836 ialsaS,
764 3762 797 3820 et
818 3759 976 3822 salutares
998 3761 1030 3820 et
1051 3758 1243 3838 perniciosas
1261 3755 1304 3837 (6,
1313 3755 1357 3834 2).

324 3865 385 3931 Sed
415 3868 517 3932 malae
547 3873 700 3948 utraeque
722 3874 811 3950 sunt,
842 3870 925 3950 quod
948 3869 1047 3934 donec
1074 3869 1273 3949 opinionibus
1295 3869 1359 3932 eris

324 3977 504 4060 obstrictus,
520 3980 684 4046 scientiam
699 3999 762 4045 non
778 3982 989 4062 consequeris
1013 3999 1114 4063 neque
1133 3982 1217 4046 enim
1237 3981 1358 4063 opinio-

324 4107 380 4158 nes
397 4097 428 4156 et
443 4093 574 4157 scientia
589 4111 652 4158 una
667 4111 734 4158 csse
749 4099 897 4177 possunt;
921 4093 1048 4174 sapiens
1064 4095 1172 4176 igitur,
1187 4095 1240 4176 qui
1257 4095 1357 4160 scien-
