3132 4874
639 381 654 389 -
733 355 758 407 Η
811 383 849 390 m

228 511 1265 601 &mmmmfflmwwfflmmmhmw

226 621 359 710 ἀγαθὸν
382 624 479 705 εἶναι,
501 620 563 712 τὴν
585 624 778 712 ἐπιστήμην,
802 628 856 694 καὶ
879 623 917 694 ἓν
939 625 1047 712 μόνον
1064 625 1179 707 κακόν,
1203 623 1264 711 τὴν

228 732 388 821 ἀμαθίαν.
416 743 574 804 Πλοῦτον
590 738 627 805 δὲ
638 739 693 804 καὶ
705 734 878 822 εὐγένειαν
894 734 995 805 οὐδὲν
1010 734 1135 823 σεμνὸν
1158 743 1263 823 ἔχειν·

227 854 295 917 πᾶν
318 849 355 916 dd
377 844 581 916 τούναντίον
602 848 718 916 κακόν.
765 854 852 931 Quae
876 873 895 917 a
918 853 1046 918 Socrate
1068 853 1172 916 aliena
1195 871 1265 917 esse

229 974 261 1029 et
292 983 330 1028 ex
354 962 460 1044 Cynici
491 965 538 1028 rel
572 963 667 1028 Stoici
698 964 779 1029 libro
806 963 932 1028 linxisse
962 965 1137 1029 rectissime
1159 973 1266 1029 monet

229 1074 406 1156 chler·us¹).
434 1075 551 1140 Similis
563 1075 650 1140 locus
666 1086 716 1140 est
730 1078 812 1157 apud
823 1076 991 1142 Stobeeum
1006 1075 1110 1156 (iloril.
1128 1081 1179 1156 93,
1198 1079 1265 1154 37):

228 1176 1266 1276 nmwhstmfflffimfflmffwmmmfflffl

229 1299 368 1380 συνῆν.
394 1349 399 1362 ,
425 1345 458 1361 ..
494 1319 585 1381 quom
614 1319 683 1364 curn
715 1299 922 1378 Schmidtio²l
952 1299 1068 1381 Cynico
1094 1300 1189 1364 alicui
1218 1301 1266 1364 vel

231 1407 335 1474 Stoico
359 1417 436 1490 puto
459 1411 660 1475 tribuendum
683 1430 762 1476 esse.

317 1520 454 1585 Facilius
477 1522 535 1585 tibi
558 1523 749 1602 persuadeas
773 1523 935 1587 Platonem
959 1523 1041 1586 idem
1064 1541 1102 1587 ec
1120 1523 1266 1589 Cebetem

230 1631 269 1696 de
292 1633 385 1696 rchus
404 1634 543 1698 externis
558 1633 663 1698 facere
681 1634 841 1698 iudicium.
881 1634 967 1697 Haec
983 1634 1064 1698 enim
1082 1637 1148 1699 cius
1170 1635 1268 1700 verba

231 1751 303 1808 sunt
328 1745 359 1807 in
383 1765 419 1808 eo
442 1745 566 1825 dialogo
598 1747 652 1826 qui
683 1745 866 1810 inscribitur
889 1745 1107 1827 Euthydemus
1131 1749 1205 1825 (281
1221 1747 1267 1824 e):

231 1859 264 1918 τί
285 1844 348 1919 οὖν
371 1860 547 1938 συμβαίνει
571 1855 606 1920 ἐκ
629 1860 697 1920 τῶν
720 1855 919 1937 εἰρημένους
942 1851 1023 1920 dato
1038 1881 1069 1921 τι
1085 1851 1106 1942 ἦ
1121 1861 1190 1922 τῶν
1208 1856 1268 1939 μὲν

231 1962 340 2032 ἄλλων
363 1960 464 2032 οὐδὲν
488 1961 528 2032 ὂν
552 1962 629 2033 οὕτε
655 1961 789 2050 ἀγαθὸν
818 1963 896 2033 οὔτε
924 1965 1038 2050 κακόν,
1067 1965 1202 2033 τούτοιν
1231 1967 1268 2032 ol

232 2081 331 2143 ὃυοῖν
354 2074 469 2143 ὄντοιν
492 2073 511 2163 ἡ
536 2078 597 2162 μὲν
620 2083 724 2164 σοφία
740 2072 884 2163 ἀγαθόν,
908 2072 927 2163 ἡ
948 2078 984 2144 δὲ
1007 2073 1135 2163 ἀμαθία
1154 2076 1267 2144 κακόν.

233 2193 273 2257 nt
296 2192 380 2256 uliud
404 2199 454 2256 est
478 2211 603 2257 monere
626 2192 753 2258 divitias
775 2211 832 2272 per
853 2211 887 2256 se
903 2193 989 2273 ipsas
1005 2192 1088 2258 bona
1113 2211 1174 2256 non
1197 2210 1268 2257 esse

231 2315 262 2368 et
285 2305 443 2384 snpientia
466 2323 544 2386 opus
571 2323 641 2370 esse
673 2306 714 2369 ad
746 2309 867 2370 rectum
898 2304 1025 2368 illarum
1053 2322 1143 2369 usum
1167 2311 1269 2368 -ut

233 2415 307 2482 iecit
330 2416 421 2481 Plato
446 2453 496 2495 -,
520 2416 605 2482 aliud
629 2434 751 2482 omnem
768 2418 807 2481 iis
831 2417 1020 2496 dignitatem
1043 2416 1210 2483 detrahere
1228 2453 1266 2462 -

232 2529 313 2595 sirut
344 2528 484 2594 lecerunt
516 2529 622 2612 Cynici
653 2537 684 2594 et
713 2528 820 2594 Stoici.
867 2529 1028 2610 Nusquam
1059 2530 1149 2594 Plato
1179 2548 1269 2611 pree·

232 2641 318 2722 cipit,
341 2647 377 2706 ut
399 2660 586 2722 spernamus
610 2641 750 2720 divitias,
775 2642 890 2706 bonam
914 2641 1140 2720 valetudinem,
1163 2649 1269 2706 cetera

233 2753 263 2817 id
287 2773 396 2832 genus.
442 2755 511 2832 Qua
537 2753 569 2818 in
597 2772 631 2818 re
661 2759 782 2833 quanta
812 2753 909 2818 luerit
939 2753 1020 2817 inter
1043 2753 1207 2818 Platonem
1238 2761 1270 2817 et

233 2867 354 2931 Stoicos
377 2866 542 2946 dissensio,
567 2885 712 2942 cumea,
747 2884 844 2948 quae,
868 2866 1072 2930 Plutarchum
1097 2867 1149 2946 (de
1173 2866 1269 2931 Stoic.

232 3000 297 3061 rep.
326 2981 408 3058 lind)
433 2981 460 3043 si
484 2980 657 3059 sequimur,
689 2980 773 3044 Zeno
803 2980 878 3043 vitio
913 2979 1000 3043 dedit
1028 2979 1167 3056 Platoni,
1202 2985 1270 3040 tum

233 3095 332 3174 ipsius
366 3092 507 3158 Platonis
541 3091 698 3172 dialogus,
737 3091 789 3172 qui
826 3091 973 3156 Philebus
1009 3091 1203 3166 inscribitur,
1239 3093 1272 3152 et

235 3206 477 3286 Ieg.163lb.
505 3205 676 3269 declarant.
726 3204 753 3270 E
781 3205 910 3282 ceteriS,
939 3205 991 3285 qui
1020 3204 1102 3268 idem
1125 3201 1271 3284 probant,

235 3318 311 3383 locis
329 3335 426 3382 uuum
441 3317 629 3394 transcribo,
652 3317 706 3396 qui
721 3321 771 3381 est
786 3315 867 3397 apol.
892 3320 954 3379 30a
970 3334 1031 3396 sq,
1055 3315 1109 3380 ubi
1125 3314 1271 3379 Socrates

234 3431 312 3495 dicit
343 3448 465 3508 omneS,
497 3431 682 3511 quibuscum
711 3448 775 3493 una
799 3433 899 3508 esset,
932 3447 1008 3494 ese
1032 3427 1133 3494 iuberi
1163 3419 1272 3507 ἐπιμε-

235 3549 365 3608 λεῖσθαι
381 3537 461 3625 μήτε
477 3536 654 3625 χρημάτων
670 3536 871 3621 πρότερον
886 3535 982 3622 μήτε
999 3534 1101 3604 οὕτω
1117 3533 1272 3620 σφόδρα

236 3649 280 3733 ὡς
307 3659 364 3740 τῆς
389 3657 497 3738 ψυχῆς
519 3649 607 3730 ὅπως
634 3647 679 3730 ὦς
706 3646 824 3736 ἀρίστη
851 3647 958 3733 ἔσται,
990 3652 1097 3733 λέγων
1127 3645 1179 3714 ὅτι
1210 3640 1273 3710 οὐκ

237 3769 272 3834 ἐκ
289 3765 465 3852 χρημάτων
478 3760 576 3848 ἁρετὴ
593 3769 754 3851 γίγνεται,
770 3758 874 3842 ἀλλ’ἐξ
890 3757 1007 3847 ἀρετῆς
1022 3757 1195 3845 χρήματα
1210 3755 1273 3822 καὶ

235 3868 355 3946 τᾶλλα
379 3873 511 3962 ἀγαθὰ
534 3891 604 3956 τοῖς
626 3873 822 3960 ἀνθρώποις
845 3872 983 3942 ἅπαντα.
1023 3878 1134 3954 ltaque
1149 3871 1274 3938 etiamsi

323 4117 344 4186 ²)
363 4118 448 4172 Ethilr
466 4119 490 4172 d.
508 4117 581 4172 alten
600 4118 709 4172 Griech.
730 4115 756 4167 II
775 4117 834 4167 380.
