3132 4874
689 411 900 471 -10-

277 577 469 643 Themistius
498 598 542 645 or.
567 585 622 658 34,
647 586 681 660 5,
712 581 750 646 de
773 580 913 646 moribus
936 587 968 647 et
995 581 1161 646 sententiis
1185 578 1311 645 Cebetis

277 688 430 754 Socratici
455 698 628 772 exponunt,
661 693 746 757 nulla
775 693 830 757 lux
853 693 893 756 ad
923 709 1004 770 earn,
1036 711 1128 773 quam
1157 692 1208 757 hic
1229 697 1312 757 trao-

278 806 391 880 tamus‚
416 804 633 882 quaestionem
657 804 820 869 redundat.

363 913 425 979 Sed
447 914 600 979 hactenus
624 915 662 980 de
685 914 817 992 Cebete;
848 917 911 978 ianr
934 915 973 979 dc
995 914 1117 980 Tabula
1139 914 1309 981 videamus.

278 1025 375 1090 Cuius
399 1025 449 1090 his
473 1031 614 1092 veterum
638 1027 715 1092 locis
738 1025 774 1091 fit
796 1027 929 1090 mentio:

367 1143 392 1200 1.
418 1136 535 1202 Cebetis
559 1137 668 1202 Pisce
690 1140 735 1203 ita
759 1142 1030 1214 commemoratur,
1055 1141 1091 1201 ut
1113 1154 1213 1217 neque
1235 1138 1313 1202 illud
1437 1197 1440 1202 .

281 1248 471 1328 „Socratici“
498 1251 647 1331 addatur,
671 1269 773 1332 neque
802 1255 887 1316 certo
911 1267 1098 1330 cognoscere
1125 1249 1220 1314 liceat
1242 1267 1311 1314 eam

277 1360 432 1424 Tabulam
455 1361 608 1442 intellegi,
631 1381 713 1444 quae
736 1364 775 1427 ad
799 1381 856 1428 nos
880 1363 1039 1444 pervenit:

363 1472 518 1538 Tertull.
535 1475 614 1539 adv.
631 1476 772 1540 haeret.
791 1481 846 1540 39:
868 1475 958 1540 Meus
974 1475 1101 1555 quidam
1118 1475 1313 1555 propinquus

277 1603 315 1650 ex
331 1585 438 1648 eodem
457 1589 552 1666 polita
569 1584 738 1667 (Vergilio)
754 1587 839 1652 inter
862 1592 968 1651 cetera
992 1586 1058 1652 stili
1081 1587 1145 1652 otia
1168 1587 1312 1666 pinacem

279 1694 405 1760 Cebetis
428 1697 588 1778 explicuit.

365 1811 393 1870 2.
421 1804 538 1872 Cebetis
561 1807 720 1874 Socratici
742 1809 852 1874 Pione
880 1811 1063 1876 nominatur
1085 1808 1171 1874 nullo
1198 1808 1313 1872 indicio

278 1919 411 1998 adiecto,
427 1937 489 2000 qno
506 1917 671 1998 efficiatur,
695 1939 775 2000 eam,
799 1921 837 1986 de
856 1942 918 2004 qua
935 1941 991 1987 nos
1009 1923 1142 2004 agimus,
1159 1918 1312 1984 Tabulam

278 2028 465 2110 significari:

364 2143 469 2223 Diog.
494 2143 618 2209 Locri.
643 2144 766 2208 11125:
801 2142 910 2227 Κέβης
926 2137 943 2208 ὁ
961 2148 1116 2226 Θηβαῖος.
1155 2141 1221 2208 Καὶ
1236 2137 1314 2207 τού-

276 2278 338 2319 του
354 2253 515 2338 φέρονται
532 2249 684 2338 διάλογοι
702 2265 798 2337 τρεῖς.
834 2255 953 2336 Πίναξ,
964 2249 1122 2339 Ἑβδόμη,
1137 2250 1312 2338 Φρύνιχος.

365 2367 500 2432 Suidas
529 2385 553 2432 s.
579 2386 606 2431 v.
631 2368 778 2450 (quocum
801 2369 946 2433 convenit
975 2368 1142 2432 lludooia
1170 2387 1195 2431 o.
1221 2367 1312 2447 aab:

278 2478 387 2560 Κέβης
398 2483 544 2562 Θηβαῖος
552 2475 749 2563 φιλόσοφος,
760 2476 963 2562 Σωκράτους
972 2473 1133 2560 μαθητής.
1151 2473 1315 2560 Διάλογοι

278 2587 315 2656 δὲ
331 2584 437 2656 αὐτοῦ
452 2589 612 2675 φέρονται
627 2602 728 2673 τρεῖς,
741 2583 898 2673 Ἑβδόμη,
917 2585 1095 2673 Φρύνιχος,
1111 2590 1226 2662 Πίναξ.
1246 2591 1314 2653 ἔστι

279 2703 316 2769 δὲ
338 2707 406 2770 τῶν
430 2703 466 2768 ἐν
489 2699 574 2790 ᾆδον
598 2701 750 2788 διήγησις
773 2720 780 2738 ·
803 2701 858 2769 καὶ
881 2699 963 2769 άλλα
985 2702 1069 2768 τινά.

363 2816 422 2882 His
446 2816 548 2881 adicio
571 2835 642 2882 eum
664 2818 780 2896 locum,
810 2819 864 2898 qui
887 2822 935 2882 est
958 2816 1048 2896 Diog.
1071 2815 1178 2880 Lasrr.
1202 2815 1235 2878 ΙΙ
1258 2817 1313 2879 64;

278 2924 424 2994 Πάντων
448 2926 652 3011 pistoresis
676 2930 900 3010 Σωκρατικῶν
931 2922 1099 3010 διαλόγων
1132 2930 1314 3002 Παναίτιος

278 3033 416 3122 ἀληθείς
440 3035 525 3106 εἶναι
542 3042 636 3105 δοκεῖ
651 3033 730 3116 τοὺς
745 3037 938 3121 Πλάτωνος,
961 3023 1191 3123 Ξενοφῶντος,
1213 3031 1333 3102 miei--

282 3151 438 3235 σθένους,
461 3155 646 3237 Αἰσχίνου·
671 3146 813 3230 διστάζει
830 3151 867 3216 δὲ
881 3149 955 3234 περὶ
978 3154 1046 3216 τῶν
1064 3154 1238 3227 Φαίδωνος
1260 3148 1316 3214 καὶ

278 3259 474 3332 Εὐκλείδου.
524 3260 610 3343 Τοὺς
633 3258 786 3343 δ’άλλονς
808 3257 941 3348 άναιρεῑ
960 3261 1094 3341 πάντας.

366 3384 393 3444 3.
420 3376 539 3444 Cebetis
570 3379 691 3444 Tubulo
718 3400 769 3459 ec,
802 3401 881 3460 quoe
909 3378 999 3442 cobis
1026 3380 1059 3442 ιἰι
1089 3378 1235 3442 mortibus
1262 3384 1314 3458 est,

278 3497 540 3559 commemoratur
563 3511 625 3557 non
648 3491 756 3557 addito
779 3491 834 3556 illo
860 3490 1069 3569 „Socratici“:

364 3605 557 3670 Lucienus
600 3604 642 3668 de
683 3621 790 3668 merc.
829 3602 932 3666 cond.
971 3605 1025 3667 42:
1068 3597 1315 3681 Βούλομαι...

279 3713 387 3801 ὥσπερ
404 3711 421 3782 ό
438 3716 546 3801 Κέβης
559 3715 683 3792 ἐκεῖνος
695 3717 810 3781 είκόνα
825 3709 901 3779 τινὰ
917 3718 978 3779 τοῦ
993 3710 1151 3779 τοιούτου
1167 3716 1245 3794 βίον
1262 3729 1316 3777 σοι

278 3825 414 3913 γράψαι,
439 3829 480 3896 ιὀλ.
505 3831 580 3895 rhei.
599 3849 710 3909 proce.
727 3834 748 3892 6
763 3848 823 3909 sp:
847 3825 951 3892 ἐθέλω
969 3877 976 3892 .
995 3877 1001 3890 .
1023 3820 1132 3908 ὥσπερ
1161 3818 1178 3890 ὁ
1207 3823 1316 3909 Κέβης

279 3939 403 4017 ἐκεῖνος
419 3937 533 4006 είκόνα
548 3935 761 4025 γραψάμενος
778 3991 785 4004 .
803 3988 809 4000 .
828 3987 834 4002 .
854 3990 860 4003 .
879 3939 1021 4021 Utroque
1036 3939 1104 4003 loco
1120 3959 1159 4005 cx
1173 3939 1316 4020 picturae

278 4053 488 4135 descriptione
500 4058 642 4134 apparet,
658 4059 799 4118 nostram
812 4051 967 4116 Tabulam
981 4053 1009 4116 ei
1022 4053 1222 4117 obversatam
1235 4071 1314 4118 esse.

366 4165 532 4236 Chalcid.
560 4167 598 4230 in
622 4165 687 4232 lin.
713 4182 837 4232 comm.
868 4166 905 4229 in
928 4164 1022 4230 Plat.
1047 4165 1135 4232 Tim.
1162 4164 1201 4248 (c.
1226 4163 1315 4246 355):
