3124 4870
620 320 827 380 „89-

203 488 326 553 Tiberii
348 489 540 570 temporibus
563 489 752 570 composita,
781 488 835 553 ubi
857 506 1009 570 personas
1032 490 1167 556 induunt
1195 493 1243 554 οί-

204 601 364 684 κουμένη,
387 597 520 684 χρόνος,
544 605 668 685 μῦθος,
689 595 808 683 Ἰλιάς,
830 594 1019 666 Ὀδυσσεία.
1064 602 1114 667 Ea
1135 608 1244 667 tamen

207 715 239 777 in
271 732 305 777 re
334 717 438 779 nescio
467 734 508 779 an
531 717 722 780 imitatorem
747 715 846 780 Cebes
878 733 912 778 se
934 715 1132 796 praebuerit,
1162 715 1245 796 quod

207 827 345 891 Poenam
373 824 464 892 finxit
486 827 644 909 flagellum
668 831 843 906 tenentem,
875 827 1051 892 Tristitiam
1074 832 1168 908 caput
1191 844 1245 905 ge-

209 938 301 1002 nibus
338 938 535 1020 fulcientem,
574 941 749 1005 Maerorem
784 941 913 1021 capillos
950 958 1022 1005 suos
1062 942 1245 1005 evellentem

216 1048 282 1129 (10,
293 1049 339 1131 2);
364 1070 455 1133 quem
479 1071 552 1117 vero
576 1052 717 1117 imitatus
747 1057 845 1132 esset,
874 1070 936 1117 non
959 1053 1093 1132 contigit
1114 1052 1190 1117 mihi
1213 1057 1250 1116 ut

212 1165 419 1245 explorarem;
451 1183 547 1228 unum
571 1183 792 1245 commemoro,
824 1166 926 1230 simile
949 1165 1099 1230 tristitiae
1122 1166 1247 1246 signum

212 1294 362 1355 apparere
384 1277 417 1340 in
441 1277 585 1341 Herculis
609 1283 714 1342 statua
738 1295 755 1340 a
778 1277 915 1358 Lysippo
938 1276 1030 1342 facta.

298 1389 358 1454 Sed
379 1390 532 1455 hactenus
552 1389 590 1454 de
614 1389 746 1469 singulis
761 1389 900 1454 Tabulae
914 1389 1069 1470 personis.
1108 1389 1155 1453 De
1177 1391 1249 1454 uni-

214 1519 302 1564 versa
340 1504 566 1584 compositione
604 1503 690 1568 nullo
731 1503 859 1583 negotio
890 1503 1061 1584 perspicies
1098 1504 1184 1567 illam
1212 1503 1251 1568 de

215 1614 348 1678 Hercule
371 1617 404 1680 in
419 1616 503 1680 bivio
528 1615 665 1680 fabulam
683 1615 806 1679 auctori
824 1632 893 1679 esse
908 1615 1105 1680 obversatam
1116 1614 1150 1693 1).
1190 1614 1252 1679 Sed

215 1725 273 1791 boo
299 1764 333 1771 —-
359 1725 527 1809 artificum,
554 1746 615 1791 non
644 1727 829 1808 scriptorum
858 1727 884 1791 si
911 1727 1066 1792 rationem
1089 1729 1186 1792 babes
1210 1763 1250 1774 -

216 1839 256 1902 od
270 1846 407 1904 aetatem
423 1841 560 1904 auctoris
575 1840 699 1904 Pinacis
714 1838 966 1920 investigandam
986 1841 1105 1904 nullam
1121 1840 1253 1921 praebet

217 1971 335 2030 ansam,
359 1972 429 2018 cum
452 1954 613 2018 rarissime
640 1952 775 2017 artifices
803 1953 987 2032 allegoriam
1014 1953 1101 2017 illam
1128 1969 1253 2031 reprae-

217 2066 370 2130 sentarint
393 2067 547 2147 nequead
563 2085 619 2131 nos
635 2066 814 2147 pervenerit
828 2067 888 2129 nisi
904 2084 1000 2129 unum
1014 2071 1134 2129 certum
1149 2081 1253 2127 exem-

219 2179 313 2258 plum,
338 2179 420 2258 quod
444 2186 492 2243 est
515 2180 548 2243 in
570 2180 758 2245 numismate
781 2179 916 2259 quodam
939 2175 1135 2253 Hadriani2).

304 2290 477 2357 Plurimum
493 2311 567 2357 vero
584 2292 616 2356 id
631 2291 709 2356 mihi
723 2292 871 2372 ponderis
887 2288 1005 2354 habere
1019 2289 1153 2370 videtur,
1170 2287 1255 2370 quod

218 2403 255 2482 is,
272 2404 324 2484 qui
340 2404 480 2469 tabulam
499 2406 585 2469 illam
602 2405 786 2486 composuit,
802 2423 865 2468 non
880 2401 1032 2467 artificem
1048 2419 1082 2465 se
1097 2401 1254 2482 praebuit,

220 2517 273 2580 sed
295 2516 516 2599 philosophum
543 2535 644 2598 neque
667 2518 905 2598 perseipsum
930 2551 970 2560 —
994 2521 1030 2579 ut
1058 2513 1150 2580 debet
1178 2513 1257 2578 arti-

218 2626 322 2693 ficium
345 2665 387 2676 -
409 2631 494 2698 illius
510 2649 588 2711 opus
603 2632 715 2711 placet,
735 2629 790 2694 sed
804 2633 934 2711 propter
949 2627 1151 2706 sententiam,
1175 2641 1256 2706 quae

221 2759 257 2807 eo
280 2743 473 2824 exprimitur.
519 2743 606 2807 Haec
635 2748 741 2807 autem
768 2743 851 2805 ratio
873 2738 1012 2820 fingendi
1040 2756 1149 2820 opera,
1180 2753 1260 2818 quae

221 2854 281 2918 nisi
298 2857 499 2940 sententiam,
522 2874 603 2938 quae
618 2856 657 2920 iis
674 2855 764 2936 quasi
786 2852 940 2933 implicita
955 2853 1045 2932 latet,
1069 2849 1260 2931 cogitatione

222 2967 363 3034 adbibita
379 2971 594 3050 explicaveris,
618 2975 702 3032 recte
724 2984 788 3032 non
805 2965 1025 3043 aestimantur,
1049 2981 1112 3027 non
1127 2959 1263 3025 invaluit

222 3085 295 3144 ante
318 3082 489 3148 Alexandri
511 3083 620 3162 Magni
642 3077 822 3160 aetatem⁸).

309 3193 396 3258 Haec
418 3197 517 3276 igitur
539 3199 726 3273 argumenta
755 3228 792 3236 --
822 3196 858 3253 ut
880 3207 1033 3255 summam
1062 3189 1126 3252 iam
1149 3185 1264 3251 faciam

224 3321 344 3385 eorum,
369 3323 448 3386 quae
471 3307 563 3374 modo
586 3306 810 3385 disputavi-
833 3319 872 3365 ex
894 3301 973 3366 artis
996 3299 1188 3365 Graecorum
1215 3296 1265 3360 hi-

224 3417 320 3482 storin
346 3417 531 3502 deprompta
560 3437 609 3482 me
640 3417 812 3494 adducunt,
843 3420 879 3480 ut
902 3409 1061 3498 Tabulam}
1090 3410 1267 3477 confectam

224 3547 293 3596 esse
315 3537 455 3599 statuam
470 3550 534 3598 non
550 3538 625 3597 ante
639 3527 811 3596 Alexandri
831 3532 986 3608 tempora;
1011 3544 1081 3592 cum
1097 3521 1270 3604 allegoriae

226 3649 300 3707 ante
323 3644 409 3710 illam
425 3651 563 3713 aetatem
578 3641 752 3710 artificibus
774 3641 808 3705 in
824 3639 1080 3707 consuetudinem
1096 3655 1160 3701 non
1175 3650 1270 3698 vene-

285 3785 399 3794 -ς-

315 3849 335 3918 ¹)
355 3849 387 3902 cf.
407 3849 610 3918 descriptionem
629 3849 687 3902 viae
705 3847 740 3900 ad
758 3846 871 3901 virtutes
889 3843 1002 3900 ferentia
1021 3858 1044 3897 c.
1065 3843 1162 3911 15sq.,
1181 3839 1273 3895 Beati·

227 3934 344 3992 tudinem
364 3936 390 3988 in
409 3952 511 3990 srrmmo
529 3944 617 3990 monte
635 3933 799 3987 habitantem
817 3948 839 3984 o.
859 3933 900 3986 21.

315 4024 337 4092 ²)
358 4024 474 4078 Mueller
492 4023 598 4078 Handb.
617 4021 641 4076 d.
660 4020 741 4075 Arcb.
760 4017 786 4072 d.
805 4015 838 4072 K.
858 4017 873 4088 ἓ
891 4017 950 4073 411.

316 4110 337 4171 'l
357 4111 390 4168 cf.
411 4113 503 4166 Koert.
522 4127 551 4180 p.
570 4113 613 4180 84,
631 4114 680 4178 893
698 4105 814 4164 Mueller
833 4105 983 4164 Handbuch
1002 4102 1034 4178 §fi
1053 4103 1114 4174 aab,
1132 4102 1192 4159 405.
