3132 4874
710 259 925 318 „38-

300 428 435 507 primum
456 429 560 493 locum
583 430 728 510 assignat
750 429 779 494 ei
794 428 987 509 disciplinae,
1011 446 1090 509 quae
1113 432 1162 490 est
1184 427 1222 489 de
1246 426 1337 489 bonis

299 547 332 605 et
355 539 484 622 malis¹).
532 540 609 606 Cum
643 541 690 604 bis
716 541 906 604 conveniunt
936 558 1017 621 quae
1045 539 1129 619 apud
1154 539 1337 603 Ciceronem

299 651 475 716 invenimus
506 652 545 716 de
575 650 628 716 fin.
657 657 690 729 5,
719 657 754 730 6,
787 657 838 715 15:
870 651 929 714 boc
959 650 1095 731 (summo
1125 647 1221 730 bono)
1252 649 1337 713 enim

300 765 471 828 constituto
494 763 526 826 in
547 763 746 844 philosophia
762 764 936 828 constituta
952 769 1026 827 sunt
1042 763 1155 827 omnia.
1192 761 1336 826 Socrates

299 881 331 940 et
349 875 451 954 Plato,
476 880 589 939 utnon
605 879 730 938 tantum
748 879 901 955 quantum
918 874 1014 938 Stoici
1039 875 1244 938 excoluerant
1265 891 1337 936 eum

299 988 413 1066 locum,
436 987 490 1068 qui
513 992 562 1051 est
585 987 623 1050 de
646 986 736 1050 bonis
759 994 791 1051 et
815 985 915 1065 malis,
940 987 985 1050 ita
1002 1005 1063 1050 non
1083 985 1336 1065 antiquissimam

301 1118 371 1163 eam
411 1099 510 1163 totius
548 1096 764 1178 philosophiae
805 1103 930 1178 partem
971 1102 1209 1178 ceterarumque
1247 1094 1337 1175 quasi

301 1210 540 1275 tundamentum
571 1229 640 1274 esse
673 1209 881 1274 affirmarunt.
927 1212 1008 1275 Item
1033 1209 1129 1274 Stoici
1157 1211 1206 1273 vel
1230 1207 1338 1290 Cynici

301 1328 350 1388 est
365 1341 471 1387 rerum
487 1322 718 1387 multitudinem
742 1322 881 1386 dividere
904 1324 938 1385 in
961 1323 1054 1400 bona,
1079 1322 1172 1399 mala,
1198 1341 1235 1385 ea
1258 1339 1338 1401 quae

300 1452 357 1498 nec
372 1434 456 1499 bona
471 1454 529 1499 nec
544 1435 629 1498 mala
645 1438 729 1514 sunt,
755 1435 829 1512 sive,
853 1439 889 1497 ut
904 1432 1064 1498 Ciceronis
1084 1432 1236 1497 vocabulo
1254 1438 1338 1512 utar,

302 1547 402 1610 media
418 1547 470 1626 (cf.
491 1547 570 1610 Tab.
589 1551 653 1626 3,3;
680 1551 719 1610 38
739 1565 797 1628 sq„
821 1547 970 1626 saepius).
1015 1547 1077 1610 Vix
1100 1545 1224 1610 mireris
1247 1564 1340 1610 voca·

301 1658 418 1735 bulum,
439 1675 500 1738 quo
516 1658 562 1721 illi
583 1658 764 1736 utebantur,
789 1649 969 1740 ἀδιάφορα,
992 1658 1030 1721 ab
1047 1665 1175 1722 auctore
1199 1658 1340 1722 Tabulae

301 1770 477 1834 adhibitum
500 1788 561 1834 non
578 1788 660 1849 esse3
685 1770 834 1835 studebat
851 1771 934 1834 enim
950 1769 1086 1834 scribere
1104 1771 1340 1836 accommodate

206 1967 208 1975 Ι
300 1883 341 1947 ad
357 1901 554 1947 communem
571 1881 829 1962 intellegentiam.
855 1882 954 1946 vHanc
969 1882 1155 1947 divisionem
1172 1901 1191 1948 a
1209 1875 1339 1948 Socrate

301 2002 333 2059 et
364 1995 498 2060 Platone
528 1993 665 2058 alienam
694 1995 884 2059 invenerunt
914 1993 1037 2075 Cynici,
1071 2013 1090 2058 a
1119 1995 1233 2075 quibus
1267 2013 1339 2060 eam

300 2113 487 2189 receperunt
510 2105 643 2185 Stoici2).

387 2295 412 2362 ¹)
433 2296 482 2363 vel,
500 2301 530 2348 ut
548 2295 663 2349 Senecae
681 2295 768 2348 verbis
788 2301 859 2362 utar,
876 2295 1033 2362 inspectioni
1051 2312 1126 2350 suum
1144 2297 1239 2363 cuique
1256 2296 1340 2350 tribu-

301 2385 357 2435 enti
376 2389 402 2435 et
424 2381 587 2448 aestimanti,
610 2388 709 2449 quanto
733 2381 851 2449 quidque
869 2379 975 2447 dignum
1000 2381 1042 2436 sit.
1083 2382 1122 2436 Ol.
1145 2383 1224 2436 etiam
1248 2384 1340 2438 Sencc.

300 2483 342 2534 ep.
356 2469 398 2534 88,
417 2470 462 2521 28;
482 2484 535 2522 una
547 2485 577 2522 rc
590 2475 788 2522 consummatur
800 2469 913 2534 animus,
928 2467 1041 2522 scientia
1060 2469 1191 2522 bonorum
1208 2483 1239 2522 ac
1257 2469 1340 2522 malo·

301 2569 360 2607 rum
378 2553 551 2622 immutabili,
576 2569 644 2622 quae
666 2554 716 2608 soli
733 2553 919 2621 philosophiae
942 2554 1078 2621 competit:

392 2639 412 2710 2)
432 2641 509 2708 Diog.
534 2641 625 2695 Laert.
644 2640 684 2694 VI
707 2643 769 2694 105:
794 2633 830 2692 τά
856 2637 887 2692 δὲ
907 2633 1011 2708 μεταξὺ
1039 2632 1140 2708 ἀρετῆς
1163 2639 1212 2694 καὶ
1238 2641 1341 2702 κακίας

304 2717 452 2795 ἀδιάφορα
472 2723 611 2795 λέγουσιν,
649 2726 752 2780 Eadem
769 2726 861 2780 divisio
885 2726 986 2794 placuit
1005 2726 1184 2792 Academicis,
1204 2726 1340 2794 Peripate·

302 2813 375 2880 ticis3
399 2813 445 2867 sed
464 2814 560 2867 horum
578 2814 606 2866 in
624 2828 736 2867 numero
754 2820 890 2866 auctorem
916 2829 969 2866 non
993 2812 1075 2866 luisse
1098 2813 1168 2867 infra
1186 2812 1341 2868 videbimus.

303 2902 404 2954 Tamen
423 2899 496 2953 haud
510 2900 557 2954 abs
574 2915 603 2953 re
622 2899 725 2953 ridetur
738 2914 795 2952 esse
808 2914 1014 2953 commemorare
1026 2915 1180 2954 consensum
1199 2899 1340 2968 quendam,

302 2987 348 3054 qui
367 2994 407 3040 est
424 2987 494 3040 inter
513 2986 638 3040 Cebetem
657 2992 684 3039 et
703 2985 890 3039 Xenocratem.
926 2985 997 3039 Sext.
1016 2985 1118 3053 Empir.
1137 2987 1206 3039 enim
1224 2987 1252 3038 in
1270 2985 1340 3038 libro

303 3074 348 3140 qui
366 3072 518 3126 inscribitur
542 3071 667 3126 adversus
692 3071 893 3125 mathematicos
913 3074 1030 3138 lna-4
1048 3071 1211 3126 haecdicit:
1236 3067 1341 3133 πάντες

302 3155 355 3226 μὲν
375 3157 405 3210 οἷ
429 3151 502 3211 κατὰ
528 3151 635 3226 τρόπον
663 3158 821 3224 στοιχειοῦν
844 3157 999 3218 δοκοῦντες
1024 3158 1080 3210 τῶν
1098 3153 1266 3226 φιλοσόφων
1292 3156 1341 3210 καὶ

305 3239 517 3313 ἐπιφανέστατοι
530 3237 607 3312 παρὰ
620 3240 729 3306 πάντας
737 3243 802 3297 οἵτε
813 3234 869 3295 ἀπὸ
884 3243 933 3311 τῆς
946 3235 1065 3311 ἀρχαίας
1078 3236 1240 3310 ἀποδημίας
1251 3243 1300 3297 coll
1313 3243 1344 3298 οἱ

303 3321 423 3383 ἀπὸτοῦ
443 3324 609 3398 περιπάτου,
631 3327 671 3383 ἔτι
683 3327 714 3383 δὲ
733 3330 783 3397 τῆς
796 3330 880 3390 στοᾶς
894 3324 1014 3382 εἰώθασι
1032 3324 1230 3398 διαιρούμενοι
1248 3327 1340 3397 λέγειν

302 3416 357 3468 τῶν
376 3407 468 3467 ὄντων
486 3410 520 3468 τὰ
538 3412 591 3484 μὲν
610 3416 684 3469 εἶναι
703 3406 803 3483 ἀγαθοὶ
821 3409 855 3467 τὰ
869 3410 901 3466 δὲ
920 3409 1005 3481 κακοὶ,
1014 3409 1049 3467 τὰ
1062 3411 1093 3468 δὲ
1107 3409 1212 3482 μεταξὺ
1232 3409 1340 3468 τούτων

302 3493 375 3570 ἅπερ
393 3499 443 3554 nul
456 3491 604 3568 ἀδιάφορα
623 3499 761 3570 λέγουσιν.
796 3492 958 3569 Ἰδιοιίτιρον
971 3498 1003 3553 dt
1022 3495 1099 3569 παρὰ
1118 3496 1186 3562 ruric
1205 3493 1340 3562 ἀλλουςὸ

304 3581 488 3657 Ξενοκράτης
505 3586 554 3640 καὶ
572 3594 647 3649 ταῖς
666 3581 800 3649 irradio
818 3581 966 3640 πτώσεσι
985 3581 1128 3655 χρώμενος
1142 3583 1249 3654 ἔφασκε
1263 3602 1269 3615 ·
1282 3588 1342 3639 πᾶν

301 3669 332 3728 τὸ
353 3667 387 3728 ἀν
412 3667 431 3744 ἢ
451 3665 566 3743 ἀγαθόν
587 3667 660 3727 ἔστιν
678 3665 696 3742 ἢ
716 3667 814 3726 παιάν’
833 3667 908 3726 ἔστιν
934 3664 953 3740 ἢ
981 3665 1061 3725 οάτιΙ
1087 3663 1225 3740 ἀγαθόν
1250 3667 1341 3725 ἔστιν

303 3755 387 3817 orire
407 3756 516 3815 κακόν
537 3755 610 3814 ἐστιν
629 3759 678 3829 (ci.
698 3760 764 3814 Tab.
777 3762 801 3828 3,
812 3762 846 3821 3).
873 3760 924 3828 Qui
937 3775 1079 3813 consensus
1091 3773 1169 3824 quarn
1181 3758 1262 3811 facile
1279 3775 1342 3812 casu

304 3847 374 3902 effici
392 3848 511 3916 potuerit
524 3863 600 3902 nemo
618 3853 659 3900 est
678 3846 742 3914 quin
759 3846 856 3900 rideat.
894 3846 1017 3900 Ceterum
1035 3859 1069 3897 ne
1088 3859 1104 3897 a
1123 3843 1218 3897 Stoicis
1236 3846 1341 3911 quidem

303 3934 370 3987 haec
387 3935 495 4001 paritio
515 3933 566 3988 luit
584 3933 685 4000 aliena;
715 3932 747 3988 cl.
770 3931 843 3988 Stob.
863 3932 911 3986 ecl.
928 3947 956 3998 p.
977 3932 1025 3983 172
1046 3933 1085 3994 (41
1107 3928 1201 3998 Mein.)
1220 3923 1251 3983 τὸ
1272 3923 1340 3997 μήτε

302 4008 416 4086 ἀγαθὸν
435 4012 504 4087 μήτε
523 4013 623 4072 κακόν.
