3124 4870
627 357 829 416 ..73.-

209 529 290 594 Tum
314 530 396 593 enim
421 534 452 592 et
476 527 513 592 de
537 526 728 593 salutaribus
751 531 784 591 et
807 527 845 591 de
867 525 1052 607 perniciosis
1071 525 1254 606 cupiditati-

210 642 270 708 bus
294 643 343 706 vel
367 661 385 705 a
408 641 512 707 Stoico
536 640 597 704 dici
619 657 712 721 posse
735 659 827 705 nemo
850 644 898 704 est
921 641 997 721 quin
1020 638 1136 704 videat.

299 754 346 818 Ex
359 754 521 818 adiectivis
535 753 574 816 ad
589 770 691 816 mores
706 752 937 832 pertinentibus
953 770 1050 817 unum
1066 769 1253 817 commemo-

213 869 336 933 ratione
344 867 474 946 dignum
487 885 556 932 esse
564 866 641 931 mihi
650 865 783 945 videtur,
796 858 1064 948 ἀπροβοίλευιος
1072 861 1162 946 (8,l),
1172 863 1255 947 quod

212 981 290 1045 alias
307 999 462 1062 nusquam
484 981 529 1044 ita
546 979 722 1044 adhibitum
737 979 925 1060 inveniatur,
950 985 985 1043 nt
1001 976 1159 1060 significet
1180 978 1256 1058 „im-

213 1091 384 1174 prudens“‚
402 1089 601 1171 „incautus“;
621 1090 659 1156 cf.
681 1089 764 1155 inira
776 1098 858 1174 part.
872 1091 926 1157 lV.
959 1091 1107 1156 Actiones
1120 1089 1256 1156 exuitiis

214 1210 246 1270 et
267 1205 560 1287 perturbationibus
576 1204 674 1269 animi
696 1202 829 1268 fluentes
852 1203 903 1269 his
926 1204 1031 1270 verbis
1047 1204 1257 1287 designantur

215 1317 312 1398 (9‚4):
335 1310 541 1400 deversentur,
558 1318 755 1399 ίεροσνλεῐν,
772 1315 949 1398 ἐπιορκεῖν,
964 1312 1178 1398 προδιδόναι,
1201 1320 1257 1396 λη-

216 1433 343 1508 ίζεσθαι
359 1428 474 1511 (40,3),
490 1422 729 1513 ἀνδροφονεῖν,
746 1431 972 1512 συκοφαντεῖν
988 1425 1105 1511 (41,2),
1118 1421 1258 1510 ἀδικεῖν,

92 1617 95 1624 ,
215 1534 388 1624 ἀφρονεῑν.
427 1541 475 1605 Ex
497 1541 547 1604 his
571 1560 589 1604 a
611 1540 744 1605 Platone
768 1548 800 1605 et
823 1539 1031 1623 Xenophonte
1053 1541 1157 1605 aliena
1182 1546 1258 1605 sunt

216 1647 481 1737 dvdpopoverffl),
506 1646 679 1737 ἀφρονεῐν.
716 1654 896 1719 Admonent
916 1655 1170 1719 enumerationes
1186 1652 1259 1716 illae

217 1785 383 1849 pravamm
415 1767 576 1832 actionum
606 1765 645 1828 de
674 1764 802 1848 Stoicis;
840 1765 879 1829 cl.
910 1764 973 1829 Cic.
1002 1763 1055 1829 fin.
1086 1765 1135 1831 III
1169 1769 1258 1846 9‚32:

217 1881 352 1961 patriam
375 1880 549 1959 prodere,
573 1884 722 1961 parentes
750 1879 883 1960 violare,
907 1878 999 1943 fana
1022 1879 1259 1960 depeculari;

218 1992 298 2056 Plut.
328 1993 366 2056 de
390 1992 484 2058 Stoic.
502 2010 567 2073 rep.
585 1998 674 2074 34,9;
698 2001 852 2076 μοιχεῖαι,
874 1995 1004 2074 κλοπαί,
1026 1993 1259 2076 προδοσίαι,

218 2096 453 2189 ἀνδροφονίαι,
475 2117 725 2188 αατροκτονεῖν.

551 2321 576 2368 c.
600 2302 652 2366 De
675 2302 924 2367 correctione.

308 2440 468 2506 Correctio
491 2442 599 2522 animi,
622 2460 702 2522 quae
724 2439 861 2507 efficitur
883 2458 958 2506 vera
979 2439 1164 2518 eruditione,
1189 2456 1259 2502 cum

222 2555 387 2619 sanatione
402 2553 542 2636 corporis
558 2560 760 2636 comparatur
778 2557 858 2633 lan.
894 2552 1013 2617 Eodem
1027 2551 1165 2632 pertinet
1179 2550 1263 2631 quod

225 2667 278 2748 qui
302 2672 446 2731 servatus
467 2672 517 2732 est
532 2666 573 2732 ad
588 2667 783 2746 virtutesque
797 2665 952 2746 pervenit,
976 2664 1016 2727 ab
1033 2662 1178 2728 omnibus
1193 2663 1263 2743 pari

226 2779 329 2843 studio
360 2780 513 2861 recipitur
534 2786 631 2861 atque
661 2778 817 2842 medicum
846 2778 1003 2858 recipiunt
1031 2775 1152 2854 aegroti
1177 2779 1260 2854 26,1.

224 2890 290 2956 Hac
300 2891 799 2973 comparationefrequentissime
811 2889 983 2955 utebantur
994 2886 1092 2953 Stoici
1106 2893 1138 2950 et
1145 2883 1263 2966 Cynici.

225 3003 317 3070 Plato
326 3002 351 3084 ²)
382 3004 435 3070 ills
466 3005 594 3084 quidem
624 3003 838 3068 condicionem
869 3001 967 3066 animi
998 2999 1085 3065 vitiis
1120 2996 1265 3062 effectam

224 3116 365 3181 morbum
377 3116 463 3194 dicit,
476 3117 530 3180 sed
543 3115 736 3197 comparatio
747 3113 923 3196 philosophi
934 3117 966 3176 et
980 3110 1090 3177 medici
1104 3109 1266 3191 animique

224 3228 399 3292 vitiositate
422 3228 577 3293 liberandi
605 3235 638 3292 et
659 3227 801 3309 corporis
829 3223 960 3289 sanandi
985 3223 1068 3306 apud
1090 3223 1180 3288 illum
1203 3239 1266 3287 non

226 3340 395 3404 invenitur.
432 3338 527 3404 Stoici
543 3340 654 3405 deinde
669 3345 702 3404 et
718 3338 827 3421 Cynici
840 3336 982 3403 Platonis
995 3337 1082 3401 illam
1094 3335 1266 3415 imaginem

226 3451 361 3532 amplexi
392 3456 424 3515 et
446 3450 672 3531 amplificantes
700 3451 826 3516 morbos
856 3456 887 3515 et
909 3448 1146 3515 imbecillitates
1170 3447 1269 3511 animi

227 3558 368 3646 (νόσους
395 3569 427 3628 et
453 3555 711 3647 ἀρρωστήματα)
743 3563 956 3628 distinxerunt
985 3558 1269 3646 philosophumque

227 3675 403 3741 excolendis
434 3677 547 3742 animis
577 3682 609 3741 et
635 3675 807 3756 purgandis
836 3679 998 3740 vacantem
1023 3673 1120 3738 simili
1141 3685 1271 3734 munere

318 3879 340 3948 ¹)
359 3873 545 3948 ἀνδροφόνος
574 3887 663 3936 exstat
691 3879 763 3947 apud
793 3877 947 3946 Platonem,
977 3869 1173 3945 ἀνδροφονεῖν
1201 3872 1272 3942 apud

227 3966 396 4021 recentiores.

316 4049 338 4116 ²)
357 4050 391 4106 cl.
400 4047 490 4105 Zeller
504 4054 529 4106 ll
546 4055 556 4104 1
572 4069 598 4121 p.
609 4053 660 4106 742
672 4057 699 4104 et
711 4063 745 4103 ex
755 4047 821 4101 locis
833 4048 871 4103 ibi
883 4045 973 4103 allatis
985 4061 1041 4116 rep.
1055 4046 1093 4102 1v
1106 4061 1133 4116 p.
1142 4047 1213 4100 ldie
1223 4061 1273 4116 sq„

230 4137 255 4192 X
273 4139 356 4206 6090,
374 4135 443 4192 Tim.
460 4140 529 4212 8'ld,
548 4140 630 4210 Legg.
648 4139 674 4192 X
692 4138 773 4194 eboc.
