3132 4874
636 373 850 434 ,63-

228 545 311 609 enim
339 544 424 625 apud
453 543 626 624 Diogenem
653 542 748 607 vus
772 546 875 605 exstat
896 539 1031 604 Zenonis
1058 539 1194 620 epistula
1222 539 1261 602 ad

228 675 332 738 regem
348 655 544 737 Antigonum
559 656 642 734 data,
665 653 699 717 in
721 670 783 734 qua
798 653 883 724 Zeno
905 652 954 717 his
978 651 1067 715 illum
1089 651 1259 716 collaudat:

228 761 434 851 ἆττοδέχομαί
454 784 514 834 σου
537 760 599 852 τὴν
614 760 840 849 φιλομάθειαν
862 758 1013 829 καθόσον
1028 754 1262 845 abscinderetis

227 877 282 944 καλ
309 882 355 956 εἰς
378 874 498 945 ὅννσιν
525 873 715 959 τεινούσης,
737 869 805 942 ἄλλ’
832 869 906 960 οὐχὶ
928 879 985 959 τῆς
1008 869 1186 957 δημώδους
1207 872 1262 939 καὶ

227 994 273 1068 εἰς
296 985 506 1076 διαστροφὴν
527 984 626 1075 ἠθῶν
648 983 767 1073 ἆντέχη
785 990 946 1069 παιδείας,
969 1006 1006 1053 θα
1028 1007 1105 1052 num
1126 987 1263 1068 genuina

228 1107 281 1186 sit,
305 1104 507 1169 vehementer
530 1104 639 1169 dubito
648 1107 679 1180 ¹).
712 1103 761 1167 Er
782 1102 1009 1167 recentioribus
1030 1107 1139 1166 contra
1153 1107 1262 1167 notum

227 1223 277 1283 est
307 1217 458 1284 Senecam
492 1215 765 1281 vehementissime
800 1215 833 1278 in
865 1214 1008 1280 homines
1040 1214 1263 1294 grammaticae

228 1338 466 1410 ceterarumque
487 1328 665 1394 liberalium
687 1327 804 1392 artium
823 1325 916 1391 nimis
932 1328 1089 1393 studiosos
1103 1328 1263 1392 invectum

227 1459 298 1506 esse
327 1441 388 1524 (ep.
413 1439 482 1525 86).
533 1440 591 1506 Cui
622 1439 861 1506 consentiebant
890 1439 1054 1520 Epictetus
1064 1437 1107 1520 2),
1138 1439 1262 1503 Marcus

228 1552 385 1618 Aurelius,
436 1553 588 1620 Similiter
616 1557 710 1633 atque
742 1550 841 1616 Cebes
871 1550 1027 1632 duplicem
1056 1552 1262 1617 eruditionem

228 1661 395 1745 distinguit
415 1666 477 1730 Dio
499 1663 659 1748 Chrysost.
684 1683 729 1730 or.
753 1669 773 1728 4
796 1683 826 1745 p.
844 1669 885 1728 69
910 1664 1003 1731 Dind.
1096 1685 1100 1694 ·

314 1777 496 1842 Statuemus
519 1779 618 1858 igitur
640 1777 778 1844 Stoicum
801 1776 1021 1858 philosophum
1045 1777 1191 1842 Panaetii
1215 1778 1262 1841 vel

228 1888 365 1954 Senecae
387 1891 501 1956 aetatis
520 1890 675 1956 Tabulam
699 1889 929 1970 conscripsisse.
974 1889 1045 1955 Non
1069 1889 1201 1954 multum
1224 1891 1263 1954 iis

229 2003 423 2082 temporibus
445 2003 530 2067 inter
551 2003 672 2070 Stoicos
694 2009 727 2068 et
745 2002 879 2086 Cynicos
903 2000 1084 2066 interfuisse
1105 2001 1262 2066 Drosibno

227 2114 271 2195 (p.
290 2115 343 2194 13)
366 2115 511 2180 concedo.
557 2115 676 2181 Tamen
702 2134 772 2179 cum
795 2115 1010 2179 vehementius
1031 2115 1066 2178 in
1085 2115 1263 2178 litterarum

231 2224 369 2291 studium
391 2227 499 2291 invehi
521 2226 632 2310 Cynici
654 2228 741 2292 soliti
764 2229 839 2308 sint,
854 2227 995 2293 Tabulae
1017 2233 1187 2304 auctorem,
1209 2227 1264 2306 qui

228 2343 353 2403 tantum
384 2338 470 2404 absit
499 2347 535 2404 ut
566 2341 774 2404 emditionem
797 2340 924 2419 reiciat,
952 2344 989 2403 ut
1011 2346 1122 2403 contra
1144 2357 1163 2402 a
1184 2337 1265 2402 falsa

231 2449 416 2517 Eruditione
428 2452 512 2532 quod
529 2453 661 2535 quisque
676 2453 753 2517 velit
767 2453 865 2534 accipi
881 2452 987 2517 iubeat
1002 2457 1152 2535 tanquam
1169 2451 1262 2515 viati-

228 2579 298 2626 cum
306 2559 350 2642 ³),
366 2563 474 2628 malim
486 2564 668 2630 existimare
679 2565 854 2631 Stoicorum
867 2569 973 2630 sectae
985 2564 1143 2630 addictum
1155 2562 1261 2628 fnisse.

314 2764 336 2834 ¹)
354 2765 423 2820 Item
441 2765 556 2820 incertae
572 2767 670 2822 aetatis
688 2775 729 2822 est
747 2769 819 2836 quod
831 2768 1001 2838 Pythagorae
1012 2768 1139 2822 tribuitur
1156 2782 1213 2822 exc.
1229 2781 1263 2820 ex

229 2867 277 2906 ms.
294 2851 322 2907 a
339 2852 382 2906 Jo.
400 2853 478 2908 Dant.
495 2871 521 2922 p.
539 2856 591 2908 202
609 2855 691 2909 Mein.

315 2937 336 3007 ²)
354 2939 449 3006 fragm
468 2941 501 2992 54
520 2957 546 3009 p.
560 2943 608 2993 111
628 2940 789 3009 Schweigb.;
809 2941 870 2997 diss
882 2942 921 2997 1v
940 2943 991 3010 5,‘l.
1021 2941 1062 2996 cf.
1075 2941 1149 3002 stob,
1162 2943 1204 3008 80,
1218 2943 1263 2993 14:

226 3015 369 3092 Ἆρἆανοό
393 3015 563 3094 Ἐπικτήτου
588 3020 659 3095 πρὸς
684 3021 735 3080 τδν
761 3027 827 3096 περὶ
853 3021 953 3090 οὐσίας
972 3068 1003 3081 ..
1046 3028 1083 3080 Τί
1105 3045 1154 3095 μοι
1177 3023 1263 3094 μέλει,

228 3111 307 3177 φησί,
324 3105 447 3179 πότερον
464 3105 494 3178 ἐξ
513 3103 625 3180 ἀτόμων
642 3104 661 3182 ἢ
679 3107 709 3180 ἐξ
727 3105 841 3182 ἀμερῶν
859 3106 877 3184 ἢ
896 3109 928 3168 ἔτι
940 3109 1030 3183 nopae
1047 3113 1100 3168 ταὶ
1118 3114 1170 3183 γῆς
1182 3110 1262 3166 σννέ-

229 3211 312 3263 στηιιε
324 3190 445 3251 τὰόντα.
469 3198 545 3268 Quod
555 3200 577 3253 si
587 3200 703 3268 quaeris,
714 3216 797 3269 quare
806 3216 839 3257 ea
847 3209 936 3256 aetate
945 3209 1019 3256 artes
1028 3201 1151 3255 liberales
1163 3199 1264 3254 minore

230 3281 357 3349 dignitate
375 3293 485 3354 coeptae
504 3287 557 3340 sint
575 3286 676 3356 baberi,
694 3289 781 3343 nescio
799 3304 834 3344 an
852 3305 913 3344 cum
931 3288 986 3342 alia
1008 3297 1064 3342 tum
1082 3288 1133 3342 boc
1150 3288 1264 3342 alicuius

228 3368 310 3424 luerit
326 3373 465 3440 momenti,
490 3373 561 3442 qnod
586 3388 601 3426 e
618 3374 756 3429 Posidonii
779 3377 946 3445 temporibus
969 3376 996 3429 in
1015 3376 1074 3444 ipsa
1090 3374 1263 3444 philosophia

232 3455 286 3510 ittir
303 3456 450 3527 disciplinis
467 3457 543 3513 locus
561 3458 745 3529 tribuebatur3
765 3461 798 3515 ci.
812 3462 902 3516 Senec.
920 3477 962 3530 ep.
980 3465 1023 3532 88,
1041 3465 1084 3532 21,
1101 3465 1147 3530 243
1175 3461 1263 3515 Zeller

228 3541 271 3595 111
290 3547 301 3596 1
323 3559 349 3611 p.
368 3547 432 3611 577,
455 3545 516 3599 adn.
535 3547 560 3600 3.
595 3547 663 3600 Tum
682 3549 751 3602 enim
768 3557 974 3603 consentaneum
993 3557 1052 3604 erat
1070 3549 1199 3616 existere,
1216 3547 1263 3616 qui

228 3636 359 3696 quantum
370 3631 545 3701 philosophia
555 3633 664 3688 moralis
675 3633 728 3688 illis
742 3635 887 3703 disciplinis
899 3633 1076 3702 praeferenda
1087 3641 1164 3702 esset,
1176 3649 1263 3686 mone

228 3721 286 3768 rent
304 3717 402 3785 quique
420 3718 642 3786 adhortarentur,
667 3736 700 3774 ne
717 3721 770 3775 illis
787 3722 868 3776 rebus
890 3721 1028 3776 studentes
1051 3735 1131 3776 verae
1147 3719 1264 3788 pbiloso-

228 3801 307 3868 phiae
325 3818 373 3860 nos
391 3819 499 3872 operam
517 3805 583 3860 dare
601 3807 781 3875 opinaremur.

314 3887 336 3958 ⁸)
355 3891 527 3960 Comparatio
545 3893 704 3949 eruditionis
728 3903 755 3949 et
777 3895 866 3950 viatici
883 3895 990 3950 Cebetis
1015 3896 1125 3964 propria
1142 3909 1195 3948 non
1214 3903 1263 3950 est.

228 3974 266 4030 01.
291 3975 366 4031 Stob.
391 3981 464 4048 3:13,
489 3979 535 4034 ubi
553 3980 604 4034 boc
629 3979 757 4035 tribuitur
775 3981 889 4036 Socrati:
916 3972 931 4034 δ
955 3976 1096 4050 φρόνιμος
1113 3972 1205 4051 ὥσπερ
1224 3979 1264 4046 εἰς

227 4050 299 4115 dciv
317 4060 358 4124 εἰς
380 4057 431 4117 τδν
458 4065 522 4136 βίον
547 4057 583 4119 οὗ
607 4059 643 4120 τδι
666 4067 772 4121 πολλοῦ
791 4059 859 4134 ἄξια
883 4069 1049 4137 συντίθησιν
1071 4063 1175 4140 ἐφόδια
1193 4061 1263 4124 ἄλλα

227 4141 262 4202 τᾶ
280 4140 498 4221 ἇναγιιαιδτερα.
531 4153 594 4208 Bias
605 4153 678 4224 apud
690 4155 766 4224 Diog.
778 4154 808 4212 Ιι.
823 4157 893 4214 188:
913 4151 1034 4226 ἐφόδιον
1053 4151 1109 4214 ciero
1129 4153 1264 4229 νεότητος
