3124 4870
707 320 925 378 ...96⁶-

297 503 393 549 sonae
426 485 634 560 detineantur.
692 488 787 552 Velut
821 493 867 564 5‚1
906 488 1006 553 Fraus
1045 489 1095 554 his
1136 489 1338 557 describitur:

297 595 508 680 πεπλασμένη
524 601 570 686 τῷ
586 593 664 682 ἤθει
686 596 741 662 καλ
763 593 889 682 πιθανὴ
915 600 1116 682 φαινομένης
1146 609 1195 684 9‚1
1221 605 1339 666 intem·

299 711 444 790 perantia
480 716 664 790 ceteraeque
696 728 777 790 quae
807 728 876 774 cum
906 729 943 775 ea
974 720 1140 777 versantur
1174 715 1337 780 mulieres:

300 820 545 904 κεκοσμημένας
561 817 671 904 ὥσπερ
687 821 812 904 ἑταῖραι
825 818 978 902 εἰώθαση
998 829 1067 906 18,1
1083 824 1165 890 Vera
1176 826 1337 890 Eruditio:

299 927 380 1017 καλὴ
404 931 459 998 καὶ
482 941 707 1017 καθεστηκυῖα
729 928 766 999 τὸ
790 931 980 1017 πρόσωπον,
1004 935 1087 1019 μέση
1104 934 1140 1001 δέ
1161 936 1216 1002 καλ
1231 963 1338 1021 κεκρι-

300 1047 383 1131 μένη
412 1041 477 1130 ἤδη
501 1051 541 1131 τῇ
569 1039 697 1135 ἡλικία,
729 1041 851 1130 στολὴν
880 1041 907 1112 θ’
937 1052 1058 1132 ἔχοντα
1086 1043 1194 1134 ἁπλῆν
1221 1075 1255 1115 τε
1284 1050 1339 1116 καλ

302 1153 567 1238 &solidatorem
591 1166 663 1240 21‚3
681 1161 864 1225 Beatitudo:
888 1155 974 1244 γυνη
991 1154 1120 1246 εὐειδής
1134 1187 1182 1240 τις
1195 1160 1340 1245 κάθηται

302 1271 354 1336 έπλ
373 1268 505 1354 θρόνον
528 1265 673 1354 ὑψηλοῦ,
697 1271 924 1356 κεκοσμημένη
949 1273 1130 1357 ἐλευθέρως
1151 1273 1206 1340 καὶ
1229 1267 1340 1358 ολπερι-

302 1384 404 1468 έργως
436 1384 491 1450 καλ
525 1385 778 1468 ἐστεφανωμένη
809 1383 962 1475 στεφάνῳ
995 1380 1135 1452 εὐανθεῖ
1166 1384 1255 1453 πάνυ
1284 1387 1339 1453 καὶ

301 1501 454 1586 ποικίλῳ;
485 1504 554 1578 16,1
587 1499 808 1580 Temperantia
836 1507 867 1563 et
894 1501 1084 1566 Moderatio:
1120 1495 1259 1584 λιπαρὰς
1285 1498 1340 1565 καλ

303 1602 501 1688 εὐεκτούσας
509 1613 554 1700 τῷ
566 1607 693 1693 σώματι
698 1638 707 1690 ;
721 1617 793 1693 20,2
807 1613 961 1678 Virtutes:
978 1605 1023 1689 ὣς
1033 1605 1168 1690 εὐειδεῖς
1180 1616 1340 1678 δοκοῦσιν

302 1717 388 1787 εἶναι
419 1721 473 1787 καὶ
503 1719 654 1789 εὔτακτοι
686 1722 741 1788 καὶ
772 1719 895 1807 στολὴν
926 1718 1118 1808 ἆτρύφερον
1149 1723 1204 1789 καλ
1232 1718 1340 1807 ἁπλῆν

304 1837 438 1916 ἔχουσαι
452 1852 459 1868 ·
472 1839 519 1900 έτι
543 1833 579 1900 δέ
595 1828 639 1912 ὡς
661 1831 825 1901 ἅπλαστοί
845 1839 907 1900 είσι
930 1835 985 1901 καλ
1002 1830 1157 1918 οὐθαμῶς
1179 1841 1339 1902 κεκαλλω-

303 1947 458 2032 πισμέναι
481 1943 632 2031 καθάπερ
648 1951 685 2013 αλ
697 1943 808 2027 datan
835 1955 904 2031 mn
921 1951 1013 2014 Falsa
1030 1951 1190 2014 Eruditio:
1213 1943 1234 2031 η’
1251 1951 1344 2013 δοκεῖ

304 2055 395 2125 πάνυ
409 2058 572 2144 καθάριος
582 2060 638 2127 καὶ
650 2056 805 2138 εὔτακτος
816 2058 912 2127 εἶναι.
947 2062 1039 2143 Apud
1051 2063 1213 2127 Philonem
1230 2069 1342 2126 contra

304 2174 456 2254 Voluptas
466 2175 687 2256 septemdecim
698 2174 1063 2254 attributisdescribitur,
1073 2179 1285 2256 quaequelb'l
1297 2175 1339 2238 M.
1373 2189 1376 2194 ·

304 2286 440 2350 Virtutis
471 2287 636 2352 exhibetur
667 2288 864 2352 adumbratio
897 2307 959 2352 non
990 2288 1093 2352 minus
1123 2295 1173 2353 est
1199 2289 1341 2352 uerbosa.

306 2399 387 2476 Quid
402 2417 476 2464 vero
497 2400 597 2465 dicam
614 2401 653 2465 de
668 2419 796 2465 numero
817 2400 1042 2480 personarum?
1077 2397 1155 2463 Cum
1170 2401 1203 2462 in
1220 2400 1343 2465 Tabula

306 2511 574 2591 intemperantiae
595 2518 660 2577 tres
684 2511 775 2592 (9,3),
800 2511 901 2575 Verae
923 2511 1103 2575 Eruditioni
1131 2509 1210 2573 duae
1232 2511 1342 2573 adiun-

309 2630 426 2704 gantur
450 2624 552 2689 sociae
575 2623 693 2706 (ism),
724 2623 806 2703 apud
829 2622 992 2688 Philonem
1014 2623 1194 2702 Voluptatis
1226 2623 1344 2702 decem,

309 2735 443 2800 Virtutis
466 2737 600 2817 triginta
622 2741 773 2817 quattuor
796 2742 1020 2799 enumerantur
1043 2736 1181 2801 comites.

394 2849 430 2911 id
454 2849 562 2930 igitur,
586 2849 612 2911 si
635 2847 727 2911 modo
750 2848 903 2912 alteruter
925 2848 1054 2912 alterius
1078 2865 1171 2927 opere
1193 2863 1269 2912 usus
1285 2854 1343 2928 est,

309 2961 377 3025 siue
395 2962 459 3024 ulla
474 2961 673 3025 dubitatione
688 2960 927 3042 suspicabimur,
944 2959 1069 3026 Cebetis
1091 2959 1242 3024 Tabulam
1257 2960 1344 3040 prius

310 3073 514 3154 compositam
542 3090 728 3154 essequam
751 3073 891 3137 Philonis
920 3073 1007 3136 illam
1030 3072 1199 3136 Prodiceae
1221 3071 1346 3136 fabulae

309 3187 530 3251 imitationem.

399 3298 471 3362 Jam
494 3299 656 3363 videamus
679 3299 718 3363 de
733 3299 835 3363 Dione
851 3297 1084 3380 chrysostomo.
1122 3297 1170 3362 Ex
1193 3298 1260 3361 eius
1276 3317 1345 3362 ora-

311 3411 451 3476 tionibus
474 3429 555 3491 quae
576 3412 636 3475 huc
657 3412 832 3494 pertinent,
855 3411 933 3476 haec
956 3415 1038 3476 sunt.
1086 3409 1138 3475 Or.
1162 3411 1191 3475 d.
1214 3429 1301 3489 regn.
1326 3415 1346 3474 4

310 3543 339 3605 p.
366 3529 406 3588 79
435 3541 481 3605 sq.
506 3523 599 3588 Dind.
644 3523 704 3588 Dio
733 3523 834 3588 tribus
861 3522 940 3604 illis,
967 3540 1047 3603 quas
1069 3522 1194 3602 statuit,
1222 3521 1346 3586 vivendi

311 3637 488 3702 rationibus
508 3637 617 3717 genios
639 3642 705 3701 tres
727 3636 819 3716 fingit
837 3635 1064 3716 praesidentes,
1086 3654 1183 3699 unum
1206 3635 1347 3698 luxuriae

312 3751 453 3817 deditum
491 3751 690 3832 corporisque
727 3749 957 3830 voluptatibus,
997 3749 1130 3812 alterurn
1166 3747 1347 3812 divitiarum

313 3865 467 3946 quaestui,
483 3865 614 3929 tertium
626 3862 744 3944 gloriae
757 3867 852 3943 atque
864 3861 1044 3926 honoribus.
1080 3858 1155 3924 Cum
1168 3858 1218 3923 his
1228 3851 1348 3937 Ἀπιλτη

313 3984 467 4058 versatur,
490 3994 570 4058 quae
594 3976 637 4058 (p.
654 3981 695 4041 85
711 3975 820 4054 Dind.)
842 3975 891 4039 his
912 3973 1016 4038 verbis
1034 3972 1236 4036 describitur:
1259 3965 1349 4034 πάνυ

314 4080 420 4173 ὡραία
453 4087 508 4155 καὶ
550 4083 693 4172 πιθανή,
731 4085 958 4172 κεκοσμημένη
999 4081 1136 4165 κόσμοις
1168 4093 1349 4167 πορνικοϊς,
