3132 4874
712 285 927 344 ..22-

300 450 369 516 loco
392 449 514 515 monuit
537 449 751 534 Sauppeius1).
800 451 879 517 dure
901 452 983 516 enim
1006 451 1131 517 mireris
1154 451 1340 516 liberalibus

301 562 364 630 illis
383 562 432 628 vel
444 564 589 644 ingenuis
605 583 687 646 quae
703 569 854 630 vocantur
870 564 992 630 artibus
1008 569 1129 630 certum
1149 565 1181 627 in
1198 563 1339 630 ordinem

302 694 321 740 a
347 674 508 741 veteribus
538 675 675 741 redactis
704 676 766 742 duo
796 657 988 742 familiarum
1019 679 1149 742 nomina
1181 675 1339 741 interseri.

301 787 440 867 Accedit,
464 788 631 870 quodque
654 789 722 854 iure
746 789 778 853 in
802 789 904 856 falsae
929 789 1113 856 eruditionis
1130 788 1341 855 sectatoribus

301 899 450 982 Epicurei
482 901 698 981 nominentur,
734 901 877 983 intellegi
910 919 972 967 non
1009 907 1124 983 potest.
1177 903 1223 968 Ut
1256 901 1339 967 enim

301 1012 509 1078 concedamus
550 1012 835 1094 Peripateticorum
880 1006 1224 1096 commemorationem,
1269 1033 1339 1078 cum

302 1126 403 1205 magis
427 1124 494 1190 fere
516 1125 561 1190 illi
585 1144 713 1207 operam
737 1127 882 1192 dederint
905 1128 1144 1208 quaestionibus
1160 1128 1200 1192 ad
1216 1129 1339 1195 litteras

302 1243 333 1302 et
348 1236 514 1302 historiam
530 1237 762 1320 pertinentibus
785 1257 879 1320 quam
902 1239 1129 1322 philosophiae,
1153 1259 1224 1305 oum
1247 1241 1340 1304 huius

304 1348 364 1414 loci
393 1350 551 1415 sententia
584 1352 764 1432 convenire,
794 1350 869 1432 quid
900 1351 938 1416 de
966 1350 1083 1416 talibus
1106 1351 1340 1418 Hedonicorum

302 1463 416 1528 studiis
445 1463 603 1529 innotuit?
648 1464 796 1541 Quosne
827 1464 989 1529 existimes
1016 1469 1145 1545 propter
1176 1463 1274 1530 falsas
1303 1466 1341 1530 de

304 1575 503 1656 philosophia
540 1577 714 1641 sententias
752 1594 851 1640 vanae
885 1576 1071 1641 eruditionis
1105 1576 1234 1658 cupidos
1269 1577 1340 1657 dici,

302 1705 460 1768 nusquam
495 1687 535 1751 ob
569 1688 719 1767 dogmata
756 1708 776 1752 a
813 1706 884 1753 vera
925 1687 1124 1770 philosophia
1160 1689 1265 1754 aliena
1294 1689 1342 1753 illi

302 1798 402 1865 falsae
425 1800 612 1867 eruditionis
628 1801 768 1867 asseclae
783 1801 1011 1882 vituperantur,
1035 1800 1091 1866 sed
1106 1801 1250 1868 omnibus
1266 1802 1343 1869 locis

301 1917 451 1978 notantur
469 1913 509 1978 ob
532 1914 671 1979 studium
688 1932 797 1980 earum
820 1932 935 1994 rerum,
954 1932 1089 1995 quarum
1110 1933 1185 1980 usus
1209 1933 1272 1981 non
1295 1921 1344 1980 est

303 2025 465 2091 advitam
488 2032 574 2092 recte
601 2028 840 2094 instituendam.
888 2029 1001 2109 Itaque
1023 2029 1108 2109 quod
1131 2047 1227 2112 supra
1250 2027 1344 2094 Chal·

303 2138 375 2203 cidii
398 2140 525 2206 silentio
547 2141 678 2222 probari
701 2141 900 2221 negavimus,
924 2159 994 2206 cum
1017 2142 1071 2206 ille
1093 2161 1155 2207 non
1178 2141 1344 2207 habuisset

303 2268 358 2315 cur
388 2251 446 2317 bas
477 2251 735 2333 philosophorum
765 2257 884 2332 sectas,
917 2253 1042 2319 etiamsi
1077 2253 1159 2334 apud
1195 2252 1343 2319 Cebetem

303 2366 484 2447 appellatae
499 2371 600 2446 erant,
620 2371 887 2446 commemoraret,
902 2367 934 2432 id
950 2385 1033 2432 nunc
1043 2368 1111 2448 ipsa
1122 2384 1156 2431 re
1173 2370 1205 2431 et
1220 2365 1344 2430 ratione

303 2476 432 2558 probari
458 2477 611 2542 videmus.
657 2477 745 2542 llaec
778 2478 876 2557 igitur
903 2480 1013 2544 verba:
1049 2479 1084 2544 ot
1105 2476 1141 2543 dl
1159 2469 1344 2557 Ἡδονικοί,

309 2588 344 2651 ot
365 2585 402 2653 δὲ
424 2592 693 2671 Περιπατητικοί,
716 2591 848 2656 delenda
870 2608 940 2656 esse
962 2588 1077 2673 put02).

304 2757 394 2813 lentur
413 2758 524 2828 Poetae,
550 2760 632 2830 aliqui
650 2761 857 2829 Disceptatores.
893 2761 1005 2830 Quidam
1023 2761 1192 2817 nominantur
1211 2761 1344 2829 Oratores,

304 2846 455 2915 etquidem
480 2842 659 2918 Κυριολόγοιζ
681 2849 735 2904 sive
758 2848 856 2903 Critici.
900 2848 954 2903 Alii
973 2849 1054 2904 etiarn
1076 2856 1207 2904 vocantur
1224 2847 1345 2916 magistri

306 2940 450 2989 concentus
461 2933 564 3004 musici,
576 2933 622 2988 alii
632 2934 811 3003 Peripatetici,
823 2934 870 2989 alii
882 2934 1051 2990 ioculatores
1063 2936 1117 2990 sive
1130 2935 1205 2988 Mimi
1216 2941 1243 2989 et
1255 2933 1292 2988 sic
1304 2949 1344 2986 re-

305 3019 372 3089 liqui
386 3060 392 3074 .
406 3060 413 3074 .
427 3021 450 3074 .“
477 3021 571 3090 Itaque
589 3027 693 3074 tantum
711 3021 803 3089 abeat,
822 3029 853 3074 ut
871 3036 902 3075 ee
920 3036 988 3090 quaa
1006 3021 1153 3091 Klopferus
1172 3021 1268 3075 omissa
1286 3032 1345 3074 esse

306 3105 381 3171 dicit,
399 3106 426 3160 in
444 3107 567 3162 versione
585 3105 703 3161 Arabica
715 3105 811 3174 desint,
830 3113 859 3160 ut
877 3114 970 3161 contre
988 3121 1027 3176 ea,
1046 3123 1114 3177 quae
1128 3107 1184 3162 sola
1201 3107 1246 3161 ille
1263 3112 1345 3175 tenet,

305 3181 508 3261 dampnarunt,
537 3188 714 3261 Pamps'rput,
738 3182 925 3261 dozpotdym,
947 3193 1019 3262 apud
1042 3194 1217 3264 interpretem
1234 3208 1288 3248 non
1307 3193 1347 3247 in·

306 3277 458 3332 veniuntur.

395 3363 421 3432 1)
441 3362 601 3432 Sauppeius,
615 3363 703 3419 Goett.
713 3363 765 3432 gel.
778 3364 845 3419 Ana.
858 3380 884 3433 p.
900 3367 962 3428 776;
982 3364 1054 3420 huno
1066 3372 1174 3420 sectatus
1192 3373 1232 3421 est
1244 3365 1344 3418 Kreus-

308 3452 363 3507 sius
382 3450 437 3519 (des
456 3449 582 3504 Gemdlde
606 3466 657 3515 von
682 3450 785 3518 Kebes,
808 3449 887 3506 Wien
911 3454 992 3520 1882,
1010 3468 1037 3520 p.
1056 3455 1112 3521 32),
1136 3453 1182 3521 qui
1200 3451 1266 3505 ialso
1285 3464 1346 3503 con·

307 3539 401 3607 tendit,
418 3539 472 3592 iam
490 3553 507 3592 a
524 3536 670 3606 Schweigh.
686 3529 841 3607 Ἡδονικοί,
862 3536 892 3592 οἱ
908 3536 939 3591 oi
960 3541 1106 3607 Hoerner,
1125 3538 1212 3593 deleta
1231 3550 1298 3591 esse.

395 3625 421 3693 ²)
440 3625 473 3679 In
499 3624 566 3679 line
592 3625 797 3680 enumerationis
820 3624 873 3679 duc
897 3625 963 3680 haee
985 3626 1093 3680 nomina
1109 3623 1202 3678 addita
1220 3637 1278 3677 esse
1297 3638 1346 3693 ap-

309 3720 389 3783 paret
408 3728 446 3786 ex,
460 3713 579 3768 versione
597 3712 727 3782 Arabica,
749 3713 777 3766 in
801 3726 855 3780 qua
872 3712 1007 3766 nominum
1025 3710 1089 3765 ordo
1108 3711 1151 3764 hic
1169 3715 1220 3764 est:
1239 3711 1348 3781 Poetae,

309 3801 522 3871 Disceptatores,
541 3799 681 3868 Oratores,
704 3798 803 3866 critici,
827 3797 938 3866 Musici,
961 3796 1144 3866 Peripatetici,
1169 3797 1347 3853 Joculatores.

309 3886 363 3942 Ubi
382 3887 494 3943 criticos
511 3888 596 3955 magis
615 3901 663 3940 suo
682 3885 741 3940 loco
759 3884 862 3953 positos
885 3899 941 3940 esse
959 3897 1036 3937 nemo
1055 3898 1108 3937 non
1127 3883 1206 3940 videt.
1243 3884 1348 3940 Additis

310 3970 405 4027 deinde
423 3973 476 4027 illis
489 3972 711 4042 philosophorum
728 3968 880 4025 nominibus
897 3968 963 4024 illud
981 3971 1113 4037 Κριτικοί
1129 3970 1253 4026 omissum
1271 3973 1299 4026 in
1316 3987 1347 4026 eo

310 4056 465 4126 exemplari,
484 4057 553 4112 unde
572 4057 658 4111 nostri
676 4055 778 4110 codices
796 4053 943 4124 fluxerunt,
960 4053 1053 4111 ultimo
1072 4056 1130 4114 loeo
1147 4056 1281 4114 adiectum
1298 4065 1346 4112 est.
