3124 4870
621 292 746 352 ...85
807 323 832 331 .-

205 460 290 525 diam
305 476 382 542 prae
396 477 431 526 se
446 457 509 526 lert
529 464 562 524 et
582 458 737 524 insaniam
753 432 884 526 sinistra
898 477 994 526 manu
1009 460 1109 528 lacem
1123 469 1246 546 tenens,

206 573 318 639 dextra
347 573 488 640 crinibus
519 574 650 639 trahens
679 573 925 654 adulescentem
955 569 1132 640 Μετάνοια
1158 580 1247 640 veste

206 693 276 753 atra
297 687 410 752 induta
433 691 481 751 est
503 691 536 752 et
558 686 729 751 dilacerata
751 685 805 766 (cf.
828 686 994 770 Tab.10,1
1020 682 1104 769 dalaq
1127 679 1245 771 ἠμφιε-

207 797 348 880 σμέναι).
383 799 471 864 Idem
488 799 615 880 Apelles
631 798 805 864 Fortunam
817 799 978 866 sedentem
989 800 1060 865 ideo
1073 817 1107 864 se
1117 799 1245 864 finxisse

206 912 299 994 dixit,
330 913 413 993 quod
441 913 612 978 consistere
640 930 704 977 non
733 918 843 994 posset
852 912 887 993 1).
933 913 1024 992 Quod
1052 912 1112 977 etsi
1135 911 1245 977 dubito

206 1042 244 1089 an
268 1025 322 1089 ille
345 1025 466 1092 iocatus
490 1027 547 1107 sit,
577 1030 682 1092 tamen
712 1031 880 1108 propterea
909 1044 972 1091 uon
1001 1026 1127 1092 silentio
1154 1043 1245 1108 prae·

206 1138 391 1202 tereundum
406 1138 592 1219 existimavi,
605 1140 689 1220 quod
701 1139 774 1204 inde
786 1138 1013 1222 cognoscimus,
1028 1144 1095 1204 tum
1107 1136 1244 1203 artifices

204 1251 344 1331 coepisse
373 1251 412 1316 de
441 1252 654 1317 inconstantia
682 1253 841 1318 Fortunae
871 1251 1024 1331 cogitare3
1055 1269 1117 1332 qua
1145 1268 1180 1315 re
1206 1269 1245 1316 ea

204 1359 441 1444 confirmantur,
470 1381 550 1444 quae
577 1361 767 1430 Schmidtius
797 1361 919 1446 (Etbik.
945 1363 975 1428 d.
998 1364 1053 1428 alt.
1077 1362 1243 1427 Griecb.I

205 1479 244 1540 53
261 1473 323 1556 sq.)
346 1476 491 1557 exposuit
514 1475 552 1541 de
574 1477 703 1542 notione
718 1477 879 1542 Fortunae
902 1476 987 1557 apud
1009 1474 1146 1540 Graecos
1167 1473 1241 1538 Ale

204 1588 314 1652 xandri
346 1589 541 1669 temporibus
570 1589 744 1654 immutata.
796 1590 897 1669 Quam
932 1589 1016 1654 enim
1049 1585 1241 1654 Schmidtius

204 1699 279 1764 dicit
318 1699 388 1782 ,die
423 1698 535 1766 Gdttin
571 1701 625 1766 des
660 1700 848 1782 Gelingens,
885 1701 1159 1781 gewissermassen
1190 1699 1242 1763 die

203 1811 468 1893 Reprdsentautin
496 1812 551 1878 des
575 1813 694 1895 Segens
724 1833 784 1878 von
812 1811 924 1895 oben“,
952 1833 1021 1879 eam
1044 1814 1143 1878 solam
1166 1814 1242 1876 ante

203 1923 373 1991 Alexandri
396 1932 533 1992 aetatem
555 1945 574 1991 a
596 1927 762 1994 statuariis
784 1933 816 1994 et
832 1947 851 1993 a
866 1927 1041 2009 pictoribus
1064 1923 1240 1991 invenimus

203 2055 392 2118 expressam.
430 2041 477 2105 Ea
499 2046 568 2106 erat
594 2036 683 2124 Τύχη
707 2043 772 2122 illa,
797 2059 879 2122 quae
894 2040 1016 2121 Bupalo
1039 2034 1239 2114 adscribitur,

201 2151 302 2230 capite
329 2150 435 2217 ferens
462 2154 568 2235 polum
597 2172 756 2237 manuque
781 2160 893 2220 tenens
921 2170 1019 2217 cornu
1041 2147 1239 2226 Amaltheae,

200 2280 293 2343 quam
309 2263 484 2330 artificibus
498 2267 649 2331 Romanis
672 2268 705 2332 in
720 2265 868 2348 fingenda
882 2265 1024 2331 Fortuna
1038 2264 1237 2330 obversatam

200 2394 269 2441 esse
299 2378 460 2445 Brunnius
490 2380 653 2446 existimat
686 2383 717 2462 (I
743 2401 772 2463 p.
798 2387 840 2447 40
867 2378 942 2460 sq.);
984 2396 1021 2442 ea
1052 2380 1121 2442 erat
1149 2375 1239 2439 Bona

200 2489 340 2555 Fortuna
366 2490 534 2556 Praxitelis
557 2490 651 2575 (Plin.
677 2493 801 2574 3633),
830 2510 867 2556 ea
888 2489 1109 2572 Xenophontis
1132 2485 1238 2570 Tycbe

200 2601 328 2667 Plutum
351 2603 506 2669 bracchiis
529 2604 649 2688 serena,
672 2624 729 2671 eae
752 2610 843 2671 erant
865 2604 1026 2669 Fortunae
1047 2604 1133 2683 illae,
1157 2619 1237 2683 quae

198 2715 289 2797 quasi
303 2716 435 2782 urbibus
450 2720 666 2799 praesidentes
677 2721 786 2786 multis
797 2718 872 2784 locis
885 2716 1070 2782 colebantur
1076 2716 1111 2795 ²).
1136 2715 1236 2794 Quam

197 2845 272 2893 vero
287 2829 459 2894 consistere
474 2849 537 2896 non
552 2849 644 2912 posse
657 2832 784 2912 Apelles
799 2829 880 2895 dixit
894 2829 1067 2894 Fortunam
1082 2845 1237 2908 quamque

197 2939 373 3006 indebetis
389 2941 510 3009 Tabula
532 2943 706 3026 reperimus
727 2943 883 3009 furentem
899 2948 932 3007 et
946 2945 1065 3005 temere
1080 2941 1162 3004 dona
1177 2956 1235 3004 sua

197 3052 388 3120 tribuentem
417 3056 535 3138 iisque,
562 3057 677 3140 quibus
701 3056 802 3136 dedit,
831 3071 942 3118 rursus
965 3053 1166 3134 eripientem,
1196 3070 1235 3117 ea

199 3164 328 3230 deorum
345 3167 486 3234 iustitiae
501 3174 549 3234 est
563 3171 617 3235 illa
629 3170 719 3251 quasi
731 3168 923 3248 adversaria,
939 3185 1032 3247 quam
1043 3165 1234 3233 Schmidtius

197 3276 226 3357 (l
244 3297 273 3358 p.
292 3275 349 3361 56)
372 3281 445 3346 inde
468 3283 507 3349 ab
529 3282 701 3350 Alexandri
724 3281 918 3365 temporibus
940 3281 973 3344 in
996 3299 1050 3347 ore
1071 3280 1234 3347 bominum

196 3387 293 3455 luisse
316 3393 453 3460 ostendit
462 3396 497 3477 ⁸).
530 3395 705 3476 Utriusque
719 3397 878 3464 Fortunae
900 3395 992 3478 signa
1012 3399 1234 3462 commemorat

196 3555 368 3566 -u—

282 3646 303 3717 ¹)
321 3648 396 3705 Stob.
414 3651 474 3706 ilor.
494 3656 553 3722 106,
560 3655 601 3710 60.

283 3730 304 3803 ²)
322 3735 353 3789 de
370 3737 413 3792 his
429 3737 463 3792 ci.
481 3737 581 3794 Mulier
599 3739 751 3794 Handbuch
770 3741 797 3794 d.
814 3740 939 3795 Archdol.
958 3739 984 3795 d.
1002 3737 1090 3792 Kunst
1106 3752 1132 3804 p.
1153 3737 1211 3792 165.

280 3821 303 3889 ⁸)
321 3822 542 3892 Antiquissimum
560 3826 640 3879 huius
658 3826 777 3880 notionis
796 3825 933 3880 Fortunae
951 3825 1092 3892 vestigium
1109 3829 1152 3878 est
1171 3825 1234 3880 Dio·

193 3906 268 3972 genie
293 3907 364 3977 quod
388 3909 474 3962 lemur
499 3911 599 3966 dictum
617 3909 691 3966 Stob.
714 3911 763 3966 eol.
782 3910 810 3963 Il
833 3913 896 3966 348:
922 3908 1065 3982 Διογένης
1084 3907 1142 3980 ἔφη
1162 3903 1234 3982 ὁρᾶν

193 3985 246 4060 τὴν
274 3985 371 4062 Τύχην
395 3987 539 4065 &roeticas
558 3988 634 4069 αὐτῷ
652 3995 702 4051 aul
726 3994 997 4066 dipovcov·corirov
1020 3989 1083 4052 δὀὐ
1106 3993 1234 4070 δύναμαι

194 4073 308 4148 datiano
325 4073 400 4133 advo
418 4083 584 4153 λυσσητῆρα,
603 4083 650 4139 ubi
666 4077 744 4154 rum
762 4099 815 4139 non
833 4093 875 4142 est
887 4085 1010 4160 prosperi
1021 4101 1157 4144 successus
1174 4085 1233 4160 dee,
