3124 4870
704 326 919 386 -90-

295 500 378 574 rant,
395 497 464 558 tum
474 493 615 558 Fortuna
630 500 725 560 autea
739 494 970 560 inconstantiae
985 499 1018 558 et
1029 494 1214 559 mobilitatis
1231 496 1330 575 signis

296 623 357 670 non
381 611 451 671 erat
473 606 637 670 instructa.
683 606 803 671 Deinde
825 624 929 671 rerum
952 606 1091 671 bumana
1114 609 1217 688 specie
1240 608 1331 673 indu-

295 726 398 783 tarum
421 719 590 784 multitudo
614 718 652 783 de
674 736 712 783 ea
733 719 884 799 pingendi
906 725 975 784 arte
998 718 1156 800 admonet,
1180 737 1274 800 quam
1297 721 1331 783 in

295 831 378 896 vasis
401 833 590 895 recentiores
604 829 824 895 adhibuerunt.
863 829 1004 911 Denique
1020 830 1102 912 quod
1121 832 1242 898 auctori
1256 850 1330 912 pro·

294 944 432 1026 positum
464 949 533 1008 erat
556 943 595 1006 de
616 943 814 1024 philosophia
846 948 879 1007 et
908 943 945 1008 de
974 944 1113 1008 moribus
1139 945 1330 1026 praecipere,

295 1074 359 1123 non
390 1055 457 1137 ipso
481 1053 612 1119 artificio
636 1055 806 1135 delectare,
836 1055 868 1118 id
899 1055 1003 1136 ipsum
1034 1073 1158 1137 quoque
1179 1055 1331 1121 indicium

296 1173 345 1233 est
367 1168 433 1232 eius
456 1168 584 1248 aetatis,
613 1185 673 1248 qua
696 1186 746 1232 ars
770 1167 962 1234 Graecorum
985 1185 1004 1231 a
1025 1169 1238 1248 praestantiae
1265 1169 1330 1234 oul-

295 1282 380 1346 mine
402 1285 549 1361 coeperat
571 1280 684 1346 delabi.

512 1468 543 1543 2.
570 1467 622 1540 De
645 1466 884 1563 scriptorum
907 1467 1114 1562 allegoriis.

383 1615 482 1693 Quam
505 1613 596 1678 facile
619 1613 702 1695 apud
717 1612 854 1679 Graecos
871 1619 992 1679 veteres
1016 1630 1068 1677 res
1082 1619 1215 1677 naturae
1230 1612 1330 1677 homi-

296 1744 433 1806 numque
447 1727 586 1792 actiones
608 1732 640 1791 et
655 1728 739 1792 vitae
762 1727 959 1793 condiciones
982 1737 1014 1791 et
1037 1726 1131 1790 animi
1147 1725 1330 1792 affectiones

296 1857 445 1920 personas
475 1840 651 1920 induerint,
685 1857 776 1904 nemo
810 1840 1008 1921 antiquitatis
1038 1838 1178 1905 Graecae
1207 1840 1330 1921 peritus

297 1953 433 2033 ignorat.
487 1952 572 2018 Satis
603 1959 652 2018 est
682 1953 777 2017 verbo
810 1971 937 2016 mouere
968 1952 1006 2016 de
1036 1952 1172 2016 Homero
1204 1953 1254 2031 (ll.
1285 1952 1331 2016 IX

298 2069 484 2145 502-511,
516 2065 593 2130 XIX
616 2066 795 2145 91—136),
826 2064 966 2129 Hesiodo
994 2062 1112 2145 (theog.
1137 2068 1214 2144 224,
1243 2064 1330 2144 231),

297 2177 427 2257 tragicis
449 2177 551 2259 po'e'tis
574 2176 700 2258 (Aesob.
718 2176 802 2257 Sept.
822 2182 897 2258 409,
914 2176 1057 2257 Sopbool.
1075 2175 1154 2242 Phil.
1173 2180 1329 2257 116,837,

297 2289 411 2354 Electr.
430 2289 496 2370 75),
513 2289 551 2354 de
563 2308 695 2371 quorum
710 2290 946 2371 prosopopoeiis
960 2289 1151 2354 mentionem
1163 2288 1239 2354 facit
1250 2289 1329 2355 Poll.

297 2421 398 2467 onom.
433 2403 477 2468 IV
511 2408 568 2468 141
601 2421 662 2485 so,
693 2403 915 2484 Aristophane,
948 2403 1002 2486 qui
1031 2403 1064 2467 in
1094 2402 1215 2481 fabula,
1251 2419 1332 2483 quae

297 2517 451 2589 Πλοῦτος
473 2515 665 2595 inscribitur,
681 2514 849 2594 Divitias1)
871 2533 1039 2595 personam
1063 2516 1095 2580 in
1118 2532 1242 2581 scenam
1257 2533 1330 2595 pro·

298 2628 397 2692 duxit.
436 2628 464 2692 E
487 2626 680 2711 philosophis
703 2634 828 2694 constat
843 2628 1056 2711 Pythagoram
1079 2627 1173 2692 rebus
1187 2627 1332 2692 humanis

297 2741 498 2820 allegoricam
530 2741 756 2821 expositionem
788 2743 916 2806 solitum
946 2759 1016 2807 esse
1047 2741 1211 2820 adhibere,
1244 2741 1331 2806 cuius

296 2854 437 2919 litteram
463 2854 550 2918 illam
576 2854 604 2917 Y
627 2872 723 2935 supra
749 2854 1068 2919 commemoravimus.
1114 2855 1162 2918 De
1189 2853 1330 2918 eiusdem

297 2966 417 3032 familia
449 2967 525 3032 haec
554 2967 688 3048 legimus
720 2967 753 3031 in
785 2967 882 3032 schol.
913 2968 952 3031 ad
981 2968 1062 3032 Plat.
1093 2966 1211 3032 Phaed.
1235 2968 1328 3032 61d.:

298 3065 395 3157 οὗτος
419 3072 436 3146 ὁ
463 3074 626 3157 Φιλόλαος
641 3075 877 3165 Πυθαγόρειος
895 3068 938 3165 ἦν
954 3129 961 3144 .
979 3130 1007 3146 ..
1029 3073 1065 3156 ὃς
1086 3079 1140 3145 καὶ
1158 3071 1199 3142 do'
1224 3081 1331 3164 αἰνιγ-

298 3189 410 3276 μάτων
433 3192 596 3274 soldanus,
619 3188 770 3275 καθάπερ
785 3182 829 3277 ἦν
850 3187 930 3270 ’ἔθος
952 3185 1065 3269 αὐτοῖς
1087 3199 1119 3258 et
1142 3193 1226 3274 apud
1243 3191 1330 3257 Stob.

299 3310 328 3386 5,
339 3310 394 3370 72:
422 3298 524 3370 οὐδέν
553 3305 643 3371 ἐστιν
671 3300 757 3370 οὕτω
784 3307 842 3391 τῆς
863 3306 1104 3389 Πυθαγορικῆς
1131 3307 1332 3389 φιλοσοφίας

299 3420 403 3499 licor,
433 3409 478 3494 ὥς
504 3411 541 3483 τὸ
566 3414 779 3501 συμβολικόν.
831 3419 952 3483 Deinde
979 3419 1175 3483 Parmenidis
1206 3436 1331 3482 carmen

298 3528 405 3612 affero,
429 3531 517 3595 cuius
540 3531 665 3596 initium
681 3531 787 3612 aliqua
810 3530 1016 3596 similitudine
1039 3548 1109 3595 oum
1124 3530 1264 3595 Tabulae
1286 3531 1331 3596 eis

298 3643 376 3710 locis
399 3643 614 3727 coniungitur,
644 3644 758 3726 quibus
782 3644 974 3709 descientia
1000 3649 1031 3709 et
1055 3644 1202 3725 opinione
1224 3650 1333 3708 auctor

300 3775 390 3822 suam
411 3758 532 3840 profert
558 3758 756 3824 sententiam.
802 3758 850 3822 Ne
873 3758 963 3822 Plato
987 3757 1111 3837 quidem
1134 3756 1260 3822 silentio
1283 3761 1333 3820 est

386 3929 408 3996 ¹)
426 3930 541 3985 Divitias
558 3944 675 4000 persona
699 3929 824 3986 induerat
842 3946 875 3985 ex
903 3929 949 3999 iis,
974 3929 1020 3997 qui
1044 3934 1107 3982 ante
1124 3928 1332 3995 Aristophanem

298 4013 420 4085 luerunt,
446 4016 585 4085 Theognis
602 4032 625 4070 v.
649 4017 748 4087 523eq.
783 4016 857 4073 Idem
869 4031 942 4088 spem
956 4015 1043 4072 diviua
1060 4015 1147 4086 specie
1165 4021 1244 4069 ornat
1261 4013 1332 4084 apud

300 4099 373 4158 Stob.
393 4105 452 4174 110,
473 4105 504 4158 11
524 4105 611 4160 0112.
