3124 4870
564 355 801 414 -113-

253 525 412 605 Sequitur,
430 528 465 587 ut
481 523 520 587 de
536 522 806 603 praepositionum
827 537 886 583 usu
905 537 987 600 quae
1003 517 1093 582 nobis
1115 516 1202 580 vide·

164 643 260 702 antur
284 634 558 702 commemoranda
573 652 651 712 esse,
674 650 877 713 exponamus.
925 631 1027 711 Atque
1047 628 1201 692 Tabulam

164 769 235 814 cum
248 750 392 826 Platone,
408 747 626 827 Xenophonte,
641 745 780 827 Polybio,
793 743 943 820 Lucieno,
956 742 1056 805 Dione
1068 739 1202 821 Chryso

165 868 276 940 stonro,
294 859 463 925 Plutarcho
479 875 665 939 comparans
686 858 718 920 iu
734 857 915 950 universum
932 852 1201 934 praepositionum

165 972 374 1053 frequentiam
389 969 549 1053 aPolybio
565 969 749 1049 longissime
759 967 881 1045 abesse,
897 986 915 1030 a
933 966 1045 1031 ceteris
1056 963 1139 1028 haud
1156 965 1202 1028 ita

165 1085 297 1150 inultum
318 1085 498 1164 discrepare
520 1082 660 1163 cognovi.
704 1081 750 1145 De
767 1080 900 1159 siugulis
916 1076 1203 1160 praepositionibus

165 1197 376 1261 animadverti
391 1191 475 1277 πρός
486 1213 510 1258 c.
524 1211 589 1259 acc.
606 1193 791 1274 saepissime
803 1209 980 1267 occurrere;
993 1189 1202 1271 frequentiam

163 1308 432 1390 praepositionum
442 1326 467 1371 c.
482 1325 583 1372 accus.
597 1306 835 1369 coniunctorum
850 1303 1061 1366 Mommscnus
1073 1320 1144 1365 cum
1156 1319 1204 1365 re·

164 1421 314 1486 certioris
325 1420 440 1483 aetatis
451 1437 509 1481 usu
525 1417 692 1482 convenire
704 1414 912 1494 monuerat¹).
937 1414 1106 1477 Praeterea
1123 1430 1204 1476 com-

164 1550 304 1598 memoro
315 1530 631 1612 atgpraepositiouem
640 1547 711 1592 cum
721 1544 923 1608 personarum
934 1526 1113 1591 nominibus
1122 1542 1204 1589 com-

164 1643 307 1723 pluribus
323 1642 400 1707 locis
417 1640 574 1719 coniungi.
605 1639 658 1704 Sic
677 1644 747 1716 11,2
761 1639 907 1718 legimus:
924 1631 986 1721 τὴν
998 1631 1147 1714 ἄξουσαν
1159 1638 1206 1711 εἰς

163 1745 588 1836 τὴνᾶληθινὴνΠαιδείαν.
609 1750 1205 1816 UbinearbitrerisvocabuloHutdac'a

165 1882 227 1929 non
249 1882 428 1945 personam,
452 1865 507 1928 sed
530 1881 600 1926 eam
623 1863 784 1944 regionem
800 1863 970 1942 designari,
994 1863 1026 1926 in
1049 1879 1112 1943 qna
1136 1880 1205 1926 ver-

165 1982 254 2040 satur
285 1975 443 2054 Eruditio,
477 1979 652 2056 sequuntur
683 1975 773 2039 haec:
808 1971 994 2054 καθαρθεὶς
1019 1964 1073 2037 ὑπ’
1104 1965 1207 2055 αὐτῆς

166 2082 311 2164 σώζεται.
357 2070 591 2167 Accedit'quod
615 2088 730 2150 ceteris
753 2087 899 2150 omnibus
922 2085 1011 2163 locis,
1034 2085 1148 2164 quibus
1171 2087 1203 2148 in

166 2198 283 2262 Pinace
299 2198 469 2276 invenitur,
489 2197 675 2261 vocabulum
691 2198 836 2260 Παιδεία
851 2196 1011 2276 significat
1026 2215 1204 2278 personam,

167 2326 229 2371 non
257 2309 429 2387 regionem.
482 2309 599 2372 Eodem
628 2309 719 2374 modo
748 2311 794 2384 εἰς
822 2309 990 2375 adhibetur
1022 2315 1110 2389 ll,l:
1143 2302 1206 2390 τὴν

168 2421 214 2494 εἰς
236 2417 298 2500 τὴν
325 2411 494 2503 ἀληθινὴν
522 2422 687 2484 Παιδείαν
714 2415 882 2504 ἄγουσαν,
910 2416 977 2504 ἅμα
1006 2418 1044 2487 δὲ
1066 2419 1121 2485 καὶ
1143 2414 1206 2503 τὴν

169 2531 216 2605 εἰς
238 2523 300 2614 τὴν
335 2533 605 2596 Ψευδοπαιδείαν
631 2531 851 2613 καλουμένην.
903 2539 988 2613 12,3:
1016 2528 1098 2598 ὅταν
1126 2529 1206 2614 βού-

167 2644 290 2706 λωνται
318 2645 365 2718 εἰς
392 2636 455 2726 τὴν
482 2635 651 2724 ἀληθινὴν
678 2646 843 2707 Παιδείαν
871 2643 991 2709 ἐνδεῖν.
1042 2651 1109 2725 9,3:
1140 2648 1171 2709 el
1192 2687 1205 2694 -

168 2757 283 2817 εδθεῑν
315 2755 361 2828 είς
390 2747 453 2836 τὴν
479 2747 712 2818 Ἡδυπάθειαν
744 2750 955 2832 (αἰσθάνεται
990 2751 1041 2820 ὅτι
1057 2806 1065 2822 .
1083 2806 1115 2821 ..
1149 2749 1205 2822 ὑπ’

167 2855 271 2946 αὐτῆς
292 2867 492 2946 κατησθίετο
515 2861 569 2928 καὶ
592 2855 752 2945 ὑβρίζετο.
793 2857 1113 2942 28,1;Ἡδνπάθεια
1135 2888 1206 2950 per·

167 2995 245 3043 sona
276 2975 435 3058 lingitur).
489 2976 592 3040 Huius
622 2993 697 3039 usus
732 2975 815 3055 apud
847 2977 984 3056 optimae
1015 2979 1206 3045 Graecitatis

169 3091 340 3170 scriptores
355 3090 499 3169 exempla
514 3089 726 3166 inveniuntur,
743 3088 797 3152 sed
814 3089 1005 3167 paucissima
1014 3089 1049 3172 ²).
1086 3092 1206 3158 Eadem

173 3189 378 3282 significatio,
408 3219 490 3282 quac
522 3201 561 3266 iis
585 3199 776 3281 Thucydidis
807 3205 837 3262 et
867 3199 949 3263 Isaei
972 3201 1062 3281 locis,
1095 3203 1207 3282 quibus

167 3315 214 3390 εἰς
238 3332 308 3378 cum
337 3331 544 3393 personarum
569 3312 746 3378 nominibus
770 3311 987 3392 coniungitur,
1011 3313 1145 3396 obtinet,
1169 3335 1207 3381 ea

252 3517 275 3586 ¹)
293 3517 310 3572 l.
330 3517 347 3571 l.
365 3533 391 3586 p.
411 3520 452 3574 18.
717 3572 721 3578 .

254 3603 275 3672 ¹)
293 3603 353 3658 Nou
363 3620 431 3671 opus
444 3611 484 3658 est
496 3602 584 3658 dicere
596 3604 640 3658 hic
650 3605 681 3659 de
691 3619 867 3673 personarum
876 3606 1027 3662 nominibus
1038 3607 1148 3674 singul
1157 3611 1205 3665 ari

172 3705 284 3743 numero
302 3689 427 3744 adhibitis
444 3689 497 3756 egi.
533 3689 611 3756 Apud
630 3690 747 3757 pluralia
769 3691 839 3744 enim
862 3692 934 3746 hunc
952 3708 1027 3746 usum
1046 3709 1098 3747 nou
1117 3708 1207 3746 rarum

166 3776 251 3830 luisse
269 3775 329 3843 quis
351 3785 392 3831 eet
414 3777 459 3846 qui
478 3775 598 3831 nesciet?
634 3777 718 3831 Thuc.
738 3778 750 3829 1
774 3780 821 3832 137
840 3779 933 3846 optimi
951 3777 1013 3832 libri
1031 3779 1161 3848 praebent
1180 3773 1209 3842 ἐς

168 3859 293 3930 βασιλέα,
314 3863 386 3930 quod
399 3867 566 3920 retinuerunt
585 3864 688 3934 Pcppo,
706 3865 856 3934 Classenus,
875 3866 1040 3922 Boehmeius.
1068 3869 1163 3936 Poppo
1181 3877 1208 3922 et

169 3947 308 4002 classenm
331 3957 438 4003 monent
461 3949 494 4005 de
518 3950 592 4016 regie
611 3949 688 4002 domo
707 3951 830 4018 cogitari,
854 3951 995 4006 Classeuus
1012 3953 1046 4006 ed
1066 3955 1208 4023 Aristoph.

167 4031 237 4086 Plut.
264 4035 315 4087 237
338 4049 497 4102 provocans:
525 4027 562 4104 ἢν
585 4032 639 4104 μὲν
662 4030 716 4104 γὰρ
740 4033 781 4098 εἰς
803 4031 946 4106 φειδωλὸν
970 4035 1106 4094 atteroda
1124 4035 1207 4110 τύχω.

169 4120 634 4190 leae.7,1tscboemannmservet
653 4121 701 4192 εἰς,
720 4139 809 4180 rurum
830 4126 901 4180 bunc
920 4143 995 4182 usum
1015 4128 1085 4198 apud
1104 4128 1208 4184 Atticos
