3132 4874
714 271 907 330 ..6.-

291 435 406 500 Phaed.
433 439 472 500 59
496 435 534 500 bc
553 435 709 520 Simmias,
734 434 843 518 Cebes,
867 437 1083 504 Phaedonides
1106 458 1170 504 non
1193 457 1254 520 quo
1278 459 1329 506 ce-

291 548 369 612 teris
391 547 526 612 minores
549 553 628 613 natu
643 547 768 628 fuerint,
793 549 848 614 sed
863 550 938 631 quia
952 552 1110 632 peregrini
1134 560 1234 632 eraut,
1257 559 1332 633 post

292 667 413 726 ceteros
429 664 722 726 commemorantur.
763 661 906 726 Eandem
921 664 1077 727 rationem
1093 682 1185 728 nemo
1201 664 1333 744 negabit

292 773 374 852 apud
398 771 638 853 Xenophontem
661 789 784 856 quoque
807 774 914 839 valere
936 777 1083 855 potuisse.
1124 777 1275 842 Attamen
1292 778 1332 842 da

292 885 441 950 hocloco
465 884 685 965 Xenophontio
709 905 772 952 non
796 893 845 952 est
863 888 1102 967 desperandum.
1142 890 1240 967 Quem
1257 889 1332 953 huic

292 997 514 1079 disceptationi
548 999 618 1063 usui
659 1017 727 1064 esse
758 1001 821 1064 iam
856 999 1062 1079 Drosihnus¹)
1094 1001 1357 1080 anirnadvertit-

292 1111 346 1191 qui
369 1115 476 1174 tamen
500 1111 597 1174 nimia
620 1130 658 1174 ex
682 1129 718 1174 eo
741 1111 819 1175 mihi
833 1113 958 1177 videtur
980 1112 1153 1192 collegisse.
1191 1113 1331 1178 Primum

292 1225 376 1289 enim
408 1225 440 1288 id
473 1224 601 1305 premit,
634 1224 716 1306 quod
746 1224 921 1305 Xenophon
953 1243 1035 1290 anno
1059 1224 1149 1305 394²)
1179 1226 1332 1304 quinqua-

292 1337 439 1418 ganarius
470 1335 618 1401 Cebetem
641 1337 726 1402 dicat
747 1331 984 1420 πρεσβύτερον.
1040 1338 1082 1402 At
1111 1338 1332 1418 Xenophontis

293 1457 381 1516 aetas
409 1450 441 1512 in
474 1449 533 1512 hac
561 1468 595 1513 re
627 1449 743 1514 nullius
773 1455 822 1515 est
852 1451 1016 1529 momenti,
1048 1468 1117 1514 cnm
1140 1467 1202 1514 non
1227 1468 1333 1515 secum

294 1561 441 1628 Cebetem
457 1562 509 1626 ille
522 1567 691 1642 comparet,
709 1582 810 1644 neque
825 1563 994 1646 quidquam
1007 1565 1124 1639 obstat,
1141 1564 1216 1643 quin
1229 1563 1334 1630 Xeno·

292 1675 390 1757 phou,
422 1675 547 1738 etiamsi
577 1675 644 1756 ipse
667 1677 768 1740 maior
791 1683 870 1741 natu
902 1684 985 1756 erat,
1018 1675 1164 1740 Cebetem
1189 1676 1333 1740 adultum

295 1785 404 1855 Cebeti
421 1788 614 1852 adolescenti
627 1786 803 1875 (νεωτέρῳ)
816 1807 978 1869 opponens
994 1789 1079 1852 dicat
1094 1781 1332 1870 πρεσβύτερον.

292 1899 414 1964 Deinde
436 1899 613 1965 Drosihnus
637 1901 704 1964 vult
718 1900 972 1982 Xenophontem,
997 1919 1067 1965 cum
1092 1903 1139 1964 ita
1161 1901 1199 1964 de
1216 1900 1334 1966 Cebete

293 2013 458 2090 iudicaret,
481 2011 580 2077 vitam
603 2012 688 2077 illius
712 2013 803 2093 quasi
820 2012 998 2077 absolutam
1013 2013 1244 2094 maximamque
1267 2012 1333 2076 eius

293 2133 417 2207 partem
439 2132 602 2207 peractam
618 2130 760 2206 putasse.
798 2124 836 2188 ld
858 2125 941 2206 quod
961 2143 1023 2190 non
1039 2126 1185 2190 concedo.
1223 2125 1335 2207 Neque

293 2239 376 2303 enim
409 2238 512 2318 ipsum
539 2238 743 2318 vocabulum,
774 2237 857 2318 quod
889 2243 937 2302 est
960 2231 1195 2320 πρεσβύτερος,
1226 2255 1334 2302 senem

294 2348 453 2429 significat
485 2348 594 2429 (immo
617 2351 666 2415 vel
689 2351 716 2414 is
744 2349 798 2431 qui
825 2349 1024 2428 trigesimum
1052 2367 1169 2412 annum
1195 2349 1278 2430 agit,
1307 2349 1335 2414 si

295 2479 364 2526 cum
383 2461 557 2527 minoribus
573 2467 652 2527 natu
668 2466 880 2543 comparatur,
903 2455 1125 2543 πρεσβύτερος
1149 2465 1211 2543 est)
1234 2479 1335 2543 neque

294 2574 352 2640 tibi
375 2574 571 2655 persuaseris
593 2575 659 2640 tale
681 2574 831 2638 iudicium
853 2575 914 2640 nisi
945 2574 982 2638 de
1015 2593 1068 2652 eo,
1099 2574 1152 2655 qni
1182 2574 1221 2638 ad
1251 2574 1336 2638 vitae

294 2685 387 2752 finem
411 2687 568 2767 pervenit,
600 2685 668 2752 fieri
691 2706 755 2752 non
784 2705 888 2768 posse.
934 2687 1089 2769 Equidem
1120 2688 1158 2751 de
1186 2687 1335 2752 hocloco

295 2801 341 2864 sic
363 2801 568 2865 statuendum
584 2818 654 2865 esse
671 2800 817 2867 arbitror.
857 2798 1063 2870 Manifestum
1080 2806 1129 2864 est
1144 2786 1335 2879 Xenophon·
1414 2802 1421 2811 '

294 2919 358 2978 tem
383 2912 508 2978 Cebetis
532 2913 692 2977 assiduum
708 2913 848 2979 Socratis
869 2912 1021 2977 audiendi
1036 2911 1176 2976 studium
1199 2928 1335 2975 morum-

295 3044 356 3109 que
379 3026 607 3106 integritatem‚
631 3045 693 3108 qua
715 3045 772 3107 per
794 3033 893 3092 totam
913 3027 1012 3090 vitam
1036 3043 1106 3089 eum
1130 3024 1206 3089 dicit
1241 3023 1339 3089 fuisse

296 3156 359 3203 non
374 3139 516 3219 potuisse
539 3156 697 3219 opponere
713 3138 886 3203 Alcibiadis
909 3144 942 3202 et
966 3136 1084 3202 Critiae
1099 3136 1223 3201 levitati
1243 3137 1336 3200 mori-

296 3251 416 3333 busque
439 3256 510 3331 post
533 3249 694 3316 Socratem
717 3251 861 3316 relictum
878 3250 1071 3332 depravatis,
1095 3247 1157 3313 nisi
1174 3265 1273 3330 usque
1296 3246 1337 3308 ad

383 3428 409 3498 1)
427 3429 477 3482 Die
495 3427 555 3482 Zeit
573 3428 617 3482 des
636 3428 729 3492 Πίναξ
748 3425 877 3496 Kadmos
894 3443 921 3494 p.
941 3428 966 3479 4.

385 3514 410 3584 ²)
429 3515 489 3570 Hoc
507 3515 576 3568 enim
600 3529 671 3568 anuo
694 3513 773 3568 sumit
798 3511 1004 3568 commentarios
1028 3509 1192 3576 conscriptos
1213 3523 1286 3574 esse3
1305 3507 1338 3561 de

298 3621 351 3674 qua
368 3619 397 3658 re
416 3603 504 3657 adhuc
528 3602 644 3656 nondum
671 3609 862 3654 consenserunt
887 3599 937 3652 viri
962 3597 1046 3664 docti,
1074 3611 1233 3664 quamquam
1257 3594 1337 3663 pleri·

297 3707 349 3760 que
367 3707 421 3746 non
433 3689 560 3744 differunt
571 3689 640 3741 iuter
653 3703 682 3740 se
690 3687 746 3740 nisi
757 3701 904 3754 paucorum
917 3698 1049 3736 annorum
1061 3683 1148 3750 spatio
1161 3683 1255 3750 (399ν
1263 3683 1338 3751 394).

298 3778 455 3832 Dindorlius
480 3782 573 3830 contra
597 3773 658 3828 edit.
679 3771 762 3826 Onon.
781 3789 806 3840 p.
825 3770 917 3824 XXVI
944 3783 1029 3835 usque
1052 3768 1085 3822 ad
1110 3768 1207 3837 olymp.
1227 3770 1260 3823 99
1278 3785 1338 3836 pro-

298 3863 433 3930 greditur3
452 3864 517 3918 item
540 3861 654 3916 Cobetus
671 3859 770 3912 Mnem.
787 3856 841 3911 VII
859 3871 984 3922 magnum
996 3855 1125 3923 temporis
1137 3854 1250 3922 spatium
1269 3856 1339 3910 inter

299 3949 417 4005 Socratis
430 3957 543 4004 mortem
555 3955 581 4004 et
592 3945 843 4003 commentariorum
853 3942 1108 4011 Xenophonteorum
1121 3943 1338 4010 compositionem

298 4034 356 4090 vult
374 4035 560 4091 intercessisse.
