3132 4874
738 383 776 392 -
825 355 866 412 ro
917 385 949 391 --

326 519 374 582 vis
396 520 611 601 praedicatur,
646 541 708 604 qua
736 522 926 602 tranquillus
954 519 990 586 fit
1016 522 1139 586 animus
1163 539 1224 585 non
1249 538 1366 583 curans
1409 505 1411 508 ⁵

327 630 366 695 de
390 631 483 697 rebus
507 635 658 698 externis.

637 835 666 899 b.
692 837 745 900 De
768 837 882 900 rebus
906 836 1048 899 mediis.

650 980 683 1062 1)
709 983 755 1046 De
777 983 872 1047 rebus
895 982 1043 1046 externis.

414 1101 481 1164 Eae
510 1119 575 1181 res,
609 1120 689 1181 quas
720 1103 814 1183 vulgo
846 1102 988 1167 homines
1019 1106 1074 1166 aut
1107 1110 1281 1181 sequuntur
1311 1109 1367 1166 aut

328 1212 467 1291 fugiunt,
498 1213 563 1278 vita
588 1232 686 1295 mors,
717 1216 799 1280 hona
827 1216 910 1280 mala
941 1215 1103 1293 valetudo,
1136 1215 1265 1279 divitiae
1288 1234 1366 1296 pau-

328 1333 451 1405 pertas,
482 1344 537 1389 eae
567 1329 705 1391 auctoris
730 1328 869 1392 Tabulae
902 1327 1059 1392 sententia
1088 1346 1144 1391 nec
1167 1327 1269 1390 bonae
1293 1331 1368 1389 sunt

329 1455 386 1500 nec
409 1436 519 1502 malae.
559 1438 626 1503 Hoc
650 1439 726 1502 mihi
742 1440 953 1504 certissimum
976 1439 1101 1502 videtur
1116 1439 1265 1502 indicium
1289 1456 1367 1512 esse,

329 1567 390 1629 qno
414 1556 567 1630 appareat
590 1569 609 1613 a
632 1550 736 1614 Stoico
759 1552 808 1615 vel
831 1569 850 1614 a
875 1549 992 1632 Cynico
1014 1549 1201 1631 philosopho
1219 1550 1368 1614 Pinacem

329 1679 398 1725 esse
421 1662 641 1741 conscriptum.
688 1662 821 1727 Ceterae
845 1663 928 1726 enim
952 1662 1076 1727 scholae
1099 1681 1206 1727 omnes
1230 1663 1368 1740 divitias,

330 1773 445 1837 bonam
475 1773 700 1853 valetudinem,
725 1783 830 1839 cetere
854 1775 1013 1853 inbonis,
1038 1775 1198 1839 contrarie
1220 1775 1252 1838 in
1276 1775 1369 1839 malis

331 1885 497 1949 ducebant.
535 1885 738 1950 Academicos
754 1895 785 1952 11
803 1886 1030 1968 Peripateticos
1046 1887 1092 1950 ita
1109 1886 1253 1951 docuisse
1277 1905 1369 1951 nemo

331 2005 380 2062 est
403 1997 456 2077 qui
480 1998 614 2076 ignoret.
660 1999 805 2064 Socrates
836 2000 888 2063 1111
920 1999 1047 2079 quidem
1077 2017 1113 2062 eo
1143 1998 1211 2063 loco
1244 2000 1298 2080 qui
1321 2004 1371 2063 est

331 2111 414 2190 apud
438 2109 678 2191 Xenophontem
701 2129 812 2176 comm.
836 2117 865 2189 4,
890 2114 919 2187 2,
944 2115 981 2174 31
1007 2115 1114 2174 monet
1137 2128 1187 2174 res
1211 2115 1369 2189 externas,

332 2241 402 2286 cum
425 2223 516 2287 modo
539 2224 677 2304 prosint,
701 2224 792 2289 modo
815 2224 935 2304 obsint,
959 2241 1019 2287 non
1046 2223 1147 2302 magis
1171 2222 1252 2288 bona
1275 2240 1370 2305 quam

332 2334 415 2398 mala
439 2353 518 2399 esse.
557 2336 707 2400 Attamen
731 2336 790 2400 hae
813 2355 863 2400 res
880 2335 1087 2399 exhonorem
1110 2353 1215 2399 rerum
1239 2353 1370 2398 numero

333 2448 373 2510 ab
397 2466 434 2511 eo
458 2466 521 2511 non
545 2449 732 2512 eximuntur.
780 2449 875 2513 Notio
899 2448 980 2510 enirn
1004 2447 1079 2511 boni
1102 2447 1186 2527 apud
1209 2447 1370 2512 Socratem

332 2579 393 2624 non
418 2560 559 2624 continet
581 2561 834 2641 perpetuitatem.
882 2558 960 2623 Cum
982 2558 1099 2623 bonurn
1123 2559 1190 2623 eius
1214 2559 1371 2623 sententia

333 2672 414 2736 idem
439 2672 481 2735 sit
504 2679 598 2753 atque
629 2673 722 2750 utile,
754 2673 827 2736 illae
850 2690 900 2735 res
933 2671 985 2735 ubi
1009 2679 1158 2752 prosunt,
1182 2673 1265 2736 bona
1288 2675 1371 2750 sunt,

332 2784 386 2848 ubi
404 2791 526 2865 nocent,
544 2784 636 2848 mela.
676 2785 783 2848 Unum
799 2801 867 2847 esse
883 2782 1009 2860 bonum,
1025 2783 1109 2862 quod
1126 2783 1240 2863 ubique
1256 2783 1371 2846 bonurn

334 2897 376 2962 sit
398 2897 605 2978 omnibusque
633 2898 665 2962 in
696 2896 772 2961 locis
802 2896 918 2977 prosit,
949 2893 1095 2960 Socrates
1129 2914 1189 2959 non
1216 2891 1372 2975 statuit⁴).

334 3009 435 3088 Quam
459 3011 581 3075 diverse
604 3010 720 3088 abiis,
744 3026 825 3090 quae
849 3008 881 3071 in
905 3007 1028 3073 Tabula
1051 3015 1284 3089 proponuntur,
1318 3007 1374 3071 So·

334 3131 438 3190 crates
461 3123 649 3189 iudicaverit
671 3124 709 3188 de
738 3123 833 3186 rebus
856 3122 1009 3200 externis,
1044 3140 1061 3186 1
1088 3123 1306 3201 Xenophontis
1334 3121 1373 3184 iis

335 3239 410 3302 11111
435 3237 652 3317 cognoscitur,
675 3236 730 3315 qui
753 3241 827 3300 sunt
850 3252 959 3299 comm.
984 3235 1042 3313 111,
1069 3238 1123 3310 12,
1148 3239 1182 3311 1;
1206 3233 1260 3305 111,
1285 3238 1314 3312 7,
1340 3237 1373 3310 93

338 3349 410 3414 Oec.
433 3354 482 3427 11,
507 3355 544 3427 8;
569 3348 685 3431 Cyrup.
704 3352 733 3426 8,
758 3351 787 3425 2,
813 3344 979 3424 20-232).
1019 3346 1065 3409 De
1081 3364 1213 3426 quorum
1236 3346 1374 3408 locorum

336 3463 526 3527 anctoritate
558 3461 635 3526 nihil
664 3458 817 3538 detrahit,
848 3459 930 3538 quod
960 3458 1051 3537 Diog.
1080 3457 1240 3520 Laertli
1267 3460 1304 3517 31
1336 3454 1375 3516 de

425 3617 445 3683 ¹)
467 3616 507 3670 Cf.
525 3617 592 3673 Xen.
612 3630 704 3668 comm.
724 3615 749 3680 3,
767 3615 792 3680 8,
812 3615 841 3678 3,
861 3615 886 3680 4,
906 3616 929 3679 6,
948 3614 1025 3665 8-9.
1063 3608 1178 3672 Ribhing
1198 3604 1298 3673 Upsale
1311 3603 1376 3658 Uni·

336 3703 457 3760 versitets
476 3701 611 3758 Arsskriit
630 3702 696 3754 1870
713 3717 740 3768 p.
753 3701 794 3754 25.
830 3697 857 3751 Si
876 3714 928 3765 qua
945 3697 1010 3751 fides
1028 3705 1069 3750 est
1086 3695 1151 3746 Xen.
1171 3707 1263 3746 comm.
1286 3693 1311 3756 4,
1322 3692 1375 3759 5,6

337 3822 370 3831 -
394 3790 463 3860 quod
490 3797 571 3857 caput
595 3788 623 3841 in
650 3787 828 3854 suspicionem
857 3790 978 3838 vocatum
1004 3790 1043 3836 est
1067 3809 1097 3820 -
1122 3779 1244 3831 Socrates
1269 3778 1376 3845 σοφίαν

337 3879 403 3931 dixit
421 3873 584 3946 μέγιστον
603 3865 727 3941 ἀγαθόν,
747 3887 799 3925 non
817 3863 932 3939 μόνον.

426 3961 446 4031 ²)
466 3963 538 4016 Idem
556 3959 696 4030 praedicat
713 3958 812 4011 bonam
830 3956 940 4021 famam3
960 3953 1084 4006 virtutem
1103 3949 1137 4003 ob
1157 3965 1214 4004 eam
1233 3965 1288 4002 rem
1307 3964 1377 4002 com-

338 4049 458 4116 mendet,
483 4049 554 4117 quod
579 4047 625 4115 qui
648 4061 705 4100 eam
728 4044 824 4111 habet,
851 4041 951 4095 maiore
974 4053 1033 4092 curn
1056 4036 1153 4104 gaudio
1175 4035 1274 4090 fruitur
1297 4033 1377 4088 rebus

338 4137 444 4190 fortuna
463 4135 568 4190 oblatis.
