3124 4870
579 370 792 431 „99-

170 537 240 624 ὥρα
262 538 441 623 διαλάμποι
464 539 712 620 -reliquerint
740 553 921 616 summaque
943 536 977 599 in
1001 535 1204 599 describendo

170 656 218 720 usi
231 656 296 718 sint
311 655 474 733 varietate,
490 651 602 717 deinde
618 652 743 730 utrique
757 667 960 730 personarum
972 648 1204 714 multitudinem

173 768 262 847 quasi
290 769 420 832 comites
448 765 639 842 addiderint,
670 767 737 826 tum
760 761 828 825 viae
852 763 949 840 illius,
981 780 1042 842 qua
1064 761 1207 824 homines

173 879 212 941 ad
234 879 417 958 virtutem¹)
440 877 600 954 nituntur,
628 875 797 953 imaginem
821 874 1031 952 expresserint
1053 873 1104 952 (cf.
1130 872 1206 937 Tab.

177 994 257 1068 15,3
281 981 443 1070 ἀνάβασις
462 980 559 1068 στενὴ
582 982 672 1050 πάνυ
694 981 750 1048 καὶ
772 975 942 1066 κρημνοὺς
965 987 1086 1066 ἔχουσα
1108 987 1209 1049 ἔνθεν

175 1096 229 1162 καὶ
257 1102 358 1164 ἔνθεν
385 1104 516 1180 βαθεῖς,
547 1099 608 1162 Dio
630 1118 660 1179 p.
687 1102 725 1162 15
749 1098 769 1161 l.
795 1102 827 1160 5:
861 1087 943 1179 ἡδὲ
970 1094 1063 1178 ἑτέρα
1090 1091 1210 1179 στενήν

176 1233 210 1274 τε
225 1209 280 1275 καὶ
295 1203 434 1276 σκολιὰν
449 1209 511 1295 νοιὶΙ
515 1215 639 1293 βίαιον,
655 1202 700 1286 ὥς
714 1203 792 1285 τοὺς
802 1210 975 1284 πλείστους
989 1207 1213 1292 πειρωμένους

178 1315 278 1407 αὐτῆς
293 1328 443 1405 οἴχεσθαι
458 1315 541 1385 κατὰ
554 1324 623 1386 τῶν
638 1319 858 1403 κρημνών)2);
874 1320 956 1399 apud
971 1321 1211 1400 Xenophontem

178 1437 246 1498 viae
269 1437 394 1500 virtutis
419 1441 450 1498 et
472 1435 658 1498 vitiositatis
681 1438 964 1498 commemorantur
988 1439 1051 1511 2,l‚
1075 1437 1130 1510 213
1156 1438 1213 1509 233

181 1552 234 1627 273
259 1553 310 1626 29,
333 1546 387 1612 sed
410 1549 456 1612 ita
477 1551 513 1610 ut
535 1545 678 1628 pluribus
702 1562 764 1609 non
788 1546 1006 1610 describantur
1021 1561 1121 1624 neque
1137 1544 1214 1608 ima-

181 1659 269 1738 gines
292 1678 398 1723 earum
422 1660 648 1739 exprimantur.

266 1772 354 1836 Haec
375 1774 475 1851 igitur
497 1776 586 1849 sunt,
614 1771 647 1833 in
670 1770 783 1851 quibus
806 1771 946 1835 Tabulae
968 1779 1078 1836 auctor
1101 1778 1133 1836 et
1157 1772 1216 1834 Dio

183 1885 378 1948 conveniant.
414 1882 589 1946 Verborum
613 1884 858 1960 consensionem,
882 1901 943 1961 qua
957 1883 1102 1947 Pinacem
1123 1883 1217 1946 Dioni

184 1999 291 2058 notum
327 1993 425 2058 fuisse
459 1993 628 2072 efficiatur,
662 2012 724 2057 non
757 1993 956 2076 deprehendi.
1011 1994 1102 2072 Quod
1135 1995 1219 2057 enim

183 2113 315 2188 uterque
344 2107 445 2171 utitur
473 2105 623 2171 vocabulo
646 2101 859 2189 καθεστηκώς
888 2107 961 2186 (Dio
984 2126 1013 2186 p.
1040 2111 1094 2184 15,
1118 2109 1137 2171 l.
1166 2111 1219 2186 193

184 2218 260 2283 Tab.
286 2217 390 2298 18,1),
420 2219 499 2282 alias
520 2219 578 2282 hac
600 2216 828 2296 significatione
850 2217 934 2281 haud
960 2219 1140 2299 frequenter
1166 2219 1221 2281 ad-

184 2328 334 2409 bibito³)‚
368 2329 441 2392 huic
475 2330 521 2392 rei
558 2347 620 2392 non
654 2329 788 2392 multum
825 2329 990 2394 tribuerim
1030 2329 1223 2409 momente).

186 2441 305 2504 Deinde
328 2440 411 2521 quod
438 2441 499 2506 Dio
521 2459 551 2520 p.
577 2440 659 2502 151.
684 2443 725 2502 20
753 2439 941 2518 Legitimam
965 2441 1221 2505 hominationem

186 2555 217 2616 in
240 2553 320 2617 solio
343 2552 418 2616 lacit
447 2554 608 2617 sedentem
639 2550 690 2630 (cl.
717 2551 794 2616 Tab.
826 2555 938 2632 21,3)‚
969 2573 1047 2634 quae
1075 2555 1179 2635 imago
1206 2571 1226 2615 a

186 2663 394 2744 Xenophonte
417 2665 522 2730 aliena
543 2671 602 2742 est,
626 2664 677 2726 vix
698 2682 776 2744 opus
793 2671 841 2729 est
857 2684 994 2744 monere,
1019 2687 1114 2748 quarn
1137 2667 1227 2731 facile

186 2777 240 2840 ille
262 2777 294 2840 in
317 2777 486 2855 allegorica
513 2777 603 2856 regni
627 2782 659 2839 et
682 2777 857 2857 tyrannidis
885 2778 1097 2858 descriptione
1126 2784 1161 2843 ut
1184 2781 1229 2841 ita

187 2883 321 2966 lingeret
350 2887 459 2952 adduci
484 2889 637 2970 potuerit,
670 2891 793 2952 etiamsi
817 2888 945 2954 Cebetis
968 2890 1090 2954 Tabula
1113 2892 1142 2955 ei
1165 2908 1228 2954 non

188 2999 417 3064 obversaretur.
426 3000 451 3078 ⁵)

276 3168 298 3236 ¹)
317 3168 396 3237 Apud
424 3170 538 3225 Dionem
562 3169 597 3224 ad
628 3170 810 3239 tyrannidem3
842 3188 902 3226 cum
926 3173 996 3226 enim
1028 3171 1061 3226 ds
1090 3173 1229 3243 tyrannide

189 3262 217 3308 et
235 3269 316 3320 regno
334 3255 429 3323 agitur,
447 3257 506 3326 ipsa
523 3257 593 3310 ratio
612 3256 681 3324 lert,
706 3263 736 3309 ut
761 3257 829 3310 siam
855 3259 1032 3325 periculosam
1055 3269 1081 3314 et
1101 3260 1231 3316 lubricam

190 3337 323 3411 tyrannidi
350 3340 523 3409 assignemus.
567 3341 641 3395 Haec
667 3343 748 3408 igitur
773 3344 965 3412 discrepantia,
993 3362 1062 3414 quas
1089 3355 1130 3401 est
1162 3351 1232 3402 inter

192 3427 399 3494 Xenophontem
417 3437 444 3481 et
462 3429 585 3497 Dionem,
601 3429 659 3494 ipsa
678 3443 706 3480 rs
724 3434 752 3482 et
768 3430 879 3484 materia
897 3432 1051 3499 requiritur.

281 3521 301 3586 Ι1
321 3521 379 3576 Hac
396 3523 423 3577 in
442 3541 471 3577 ro
490 3523 573 3578 Cebes
590 3530 617 3576 et
634 3523 687 3577 Dio
705 3523 865 3578 Hesiodeum
885 3526 951 3581 illud
970 3532 1053 3583 secuti
1072 3539 1141 3600 sunt,
1160 3532 1233 3600 quod

192 3615 281 3662 exstat
298 3608 370 3676 apud
388 3609 593 3678 Xenophontem
611 3625 704 3666 comm.
723 3613 748 3678 2,
770 3615 793 3678 1,
804 3615 845 3666 20.

278 3693 300 3758 ’l
319 3711 342 3746 r.
361 3693 431 3750 infru
449 3701 517 3763 part
537 3695 584 3753 lv.

279 3787 302 3857 ⁴)
321 3791 386 3844 Cum
405 3790 582 3860 Xenophonte
607 3807 638 3846 ea
662 3793 690 3845 in
716 3808 744 3846 rs
762 3794 814 3847 Dio
841 3795 975 3863 convenit,
994 3797 1066 3864 qnod
1086 3797 1233 3864 Legitimas

194 3875 374 3932 Dominationi
392 3887 491 3934 vestem
505 3880 600 3934 tribuit
614 3879 782 3947 „candidam“
804 3881 864 3946 (Dio
877 3898 904 3950 p.
920 3884 959 3950 15,
973 3885 1018 3948 22ς
1039 3884 1105 3939 Xen.
1116 3885 1142 3938 11
1159 3889 1234 3958 l,22)‚

193 3977 253 4014 cnm
267 3963 351 4018 l'ebes
364 3963 451 4017 verae
464 3965 632 4020 ls'rndltionis
650 3971 749 4019 vestem
762 3980 819 4042 esse
832 3965 896 4020 velit
909 3967 1070 4036 „simplicem
1085 3977 1235 4042 ornatuque

194 4049 345 4103 carentem‘
365 4051 419 4117 (18,
440 4051 472 4118 l).

283 4129 305 4200 ⁸)
326 4133 453 4190 Forsitan
471 4135 499 4188 id
516 4136 655 4204 presseris,
674 4136 746 4204 quod
767 4145 795 4190 nt
815 4139 841 4192 in
854 4139 960 4193 Tabula
979 4145 1236 4212 peregrinacione,

981 4230 1021 4298 70
