3124 4870
678 368 915 427 —110-

278 549 349 596 cum
371 531 549 597 litterarum
579 537 684 598 tractu
708 539 740 598 et
763 553 834 598 cnm
856 532 926 613 illo,
954 535 1037 614 quod
1060 535 1217 616 sequitur,
1245 537 1315 622 γνῷ

278 644 425 708 convenit
448 644 603 723 scriptura
626 647 713 728 συνῇ
721 643 756 726 ¹).

302 793 310 798 —
368 761 437 833 15,I
457 755 560 820 ABD
576 747 701 835 οὐθείς,
714 755 786 820 MC
798 749 917 832 οὐδείς.
946 763 1020 836 35,4
1031 760 1075 822 M
1087 749 1202 836 οὐθέν,
1219 757 1315 821 ceteri

278 871 383 930 utrum
401 859 503 930 οὐδέν
520 886 560 930 an
577 859 683 930 οὐθέν
699 868 878 947 exhibeant,
903 870 1030 934 dubium
1055 875 1110 934 est.
1147 874 1218 946 41,1
1247 867 1314 932 BD

278 975 396 1057 μηθέν.
435 976 481 1039 Ι)ε
497 980 609 1042 ceterIs
625 978 703 1041 nihil
720 980 909 1060 exscriptum
926 981 1061 1045 invenio.
1100 979 1222 1059 Viginti
1239 979 1315 1044 locis

278 1106 387 1153 omnes
403 1089 475 1152 libri
492 1092 693 1154 consentiunt
707 1092 740 1154 in
757 1084 881 1172 οὐδείς,
897 1112 959 1158 uno
975 1094 1007 1156 in
1024 1085 1182 1167 odaeum
1227 1091 1315 1168 Quae

278 1217 347 1264 cum
371 1202 416 1265 ita
439 1203 517 1281 sint,
541 1220 603 1266 non
627 1202 735 1269 dubito
762 1206 837 1286 quin
861 1206 982 1269 formae
1006 1198 1121 1280 οὐθείς
1143 1212 1175 1268 et
1197 1206 1316 1284 μηθείς

279 1312 418 1378 librariis
435 1315 498 1378 siut
514 1313 701 1379 tribuendae
718 1320 864 1396 recteque
881 1317 1053 1382 Drosihnus
1069 1318 1187 1381 formas
1208 1316 1315 1380 littera

278 1426 299 1488 o
321 1427 453 1505 scriptas
476 1426 591 1507 ubique
607 1428 798 1505 restituerIt3
823 1428 868 1492 ita
891 1433 927 1492 ut
942 1430 1002 1492 hac
1025 1431 1058 1492 in
1081 1448 1115 1493 re
1131 1427 1229 1493 Cebes
1246 1446 1314 1492 cum

278 1537 419 1619 antiquis
442 1539 555 1602 Atticis
571 1536 791 1619 consentiat³).
837 1540 924 1618 Quae
947 1542 1029 1604 enim
1049 1541 1179 1606 alterius
1195 1540 1315 1608 formae

277 1648 309 1710 in
325 1647 448 1712 Tabula
464 1650 636 1714 obveniunt
659 1651 813 1730 exempla,
836 1670 873 1715 ea
889 1653 1040 1732 pauciora
1055 1659 1138 1730 sunt,
1162 1670 1256 1733 quam
1280 1659 1315 1717 ut

278 1761 400 1823 auctori
424 1761 485 1840 ipsi
508 1762 590 1826 hanc
613 1779 735 1843 quoque
758 1765 790 1826 in
814 1781 874 1826 usu
896 1763 994 1829 luisse
1013 1765 1213 1830 arbitremur.

364 1872 450 1937 Idem
492 1874 695 1938 statuendum
735 1893 804 1940 esse
845 1875 920 1938 mihi
963 1876 1088 1941 videtur
1128 1877 1165 1940 de
1208 1877 1315 1940 formis

277 1986 454 2066 γίγνεσθαι
470 1991 502 2049 et
516 1986 683 2066 γίνεσθαι,
698 1980 899 2067 γιγνώσκειν
914 1993 947 2050 ct
961 1982 1147 2069 pensionem.
1186 1987 1315 2053 Codices

279 2095 414 2159 Parisini
440 2097 554 2179 ubique
568 2097 722 2178 praebent
737 2101 925 2180 γίγνεσθαι,
949 2099 1009 2164 nisi
1024 2099 1107 2180 quod
1130 2100 1199 2164 BD
1216 2105 1267 2179 to,
1281 2105 1314 2178 2;

278 2213 350 2286 41‚2
376 2208 525 2273 exhibent
547 2212 691 2291 γίνεται,
715 2216 747 2275 A
762 2205 928 2293 γινόμεθα
957 2208 1066 2291 s,4⁴);
1102 2213 1147 2276 M
1172 2212 1316 2276 omnibus

278 2319 353 2383 locis
382 2322 547 2400 γίνεσθαι.
594 2321 711 2385 Eodem
745 2322 836 2386 modo
859 2324 901 2386 M
922 2323 1039 2403 ubique
1061 2322 1194 2404 praebet
1216 2317 1316 2403 γινώ-

278 2447 382 2510 σκειν,
405 2431 542 2494 Parisini
565 2427 772 2512 γιγνώσκειν.
820 2433 890 2498 Hac
912 2435 943 2498 in
967 2453 1002 2497 rc
1025 2432 1232 2512 Drosihnum,
1261 2432 1315 2513 qui

277 2544 424 2608 omnibus
465 2544 541 2608 losis
586 2545 715 2625 scripsit
756 2540 1026 2626 praesensisset
1063 2547 1240 2626 γίγνεσθαι
1279 2561 1316 2608 eo

280 2654 431 2719 libentius
462 2673 642 2737 sequemur,
671 2657 752 2736 quod
780 2657 847 2721 cod.
872 2657 916 2719 M
944 2656 1164 2721 auctoritatem
1196 2654 1314 2718 nullam

277 2784 347 2830 esse
369 2765 543 2831 luculenter
563 2767 703 2831 ostendit
723 2767 936 2848 Muellerus.⁵)

366 2883 439 2958 292
463 2879 494 2941 in
511 2877 600 2942 libris
615 2878 694 2942 baec
708 2884 850 2944 exstant:
877 2877 933 2942 καὶ
947 2871 1134 2961 ἀγαγοῦσιν
1157 2872 1239 2958 πρὸς
1253 2871 1315 2961 τὴν

279 2991 443 3054 Παιδείαν
473 2983 553 3066 τοὺς
573 2985 786 3065 εἰσελθόντας
808 2983 891 3071 πρὸς
912 2983 970 3066 τὰς
988 2983 1119 3072 Ἀρετὰς
1143 2983 1314 3071 ἀνακάμπ-

365 3160 388 3230 1)
407 3161 484 3228 Quod
509 3162 772 3228 Schweighaeuserus
798 3161 904 3229 scripsit
930 3162 1024 3231 συνιῇ,
1050 3163 1218 3229 corruptelae
1241 3161 1315 3228 origo

281 3249 369 3301 minus
388 3247 465 3302 facile
485 3249 637 3316 explicatur
654 3263 739 3316 neque
757 3248 809 3301 hcc
827 3264 885 3301 cum
904 3247 951 3301 illc
969 3249 1026 3320 γνῷ
1044 3248 1177 3304 convenit.
1207 3248 1316 3302 Drosih-

277 3350 326 3389 nus
344 3350 377 3386 ex
395 3334 571 3388 deterioribus
585 3351 645 3388 mss.
658 3335 762 3400 recepit
780 3334 870 3400 συνίῃ.
901 3332 951 3387 Sed
969 3340 999 3388 nt
1017 3335 1120 3388 mittam
1139 3349 1269 3402 quaerere
1282 3333 1314 3386 de

277 3420 330 3474 hac
339 3420 585 3487 accentusponendi
595 3420 697 3473 ratione
710 3419 754 3485 (ct.
766 3419 954 3486 Goettlingium
963 3427 1063 3473 accent.
1075 3421 1158 3473 doctr.
1169 3418 1184 3487 §
1194 3422 1236 3482 30,
1245 3423 1270 3487 2,
1281 3421 1315 3486 3),

277 3506 343 3560 artis
362 3505 470 3558 criticae
489 3504 560 3570 leges
577 3504 715 3573 postulare
734 3506 798 3558 mihi
817 3505 949 3572 videntur,
972 3511 1003 3557 ut
1019 3505 1109 3573 potius
1127 3519 1160 3558 cx
1178 3503 1224 3570 iis,
1246 3517 1314 3571 quae

277 3592 304 3644 in
324 3591 423 3659 optimo
442 3590 530 3643 codice
542 3597 656 3658 exstant,
675 3591 844 3657 probabilem
857 3589 1017 3658 scripturam
1029 3590 1135 3659 assequi
1154 3589 1315 3656 studeamus,

279 3693 368 3745 quam,
387 3676 408 3729 si
427 3675 474 3729 illa
491 3675 600 3729 retineri
618 3690 670 3729 non
688 3682 810 3744 possunt,
829 3675 864 3729 ad
882 3676 1026 3730 deteriores
1044 3675 1117 3729 codd.
1131 3674 1315 3741 confugiamus

277 3764 370 3831 optimi
390 3763 489 3818 codicis
506 3765 609 3818 ratione
627 3779 679 3818 non
698 3764 799 3819 habita.

366 3851 388 3917 ²)
408 3849 447 3903 CI.
466 3849 592 3904 Drosihni
609 3849 672 3903 edit.
691 3848 774 3916 praef.
792 3866 818 3919 p.
839 3849 911 3904 VIII.

363 3935 385 4002 8)
406 3935 446 3988 Ol.
464 3934 581 3989 Lobeclr.
599 3935 699 4003 Phryn.
717 3952 743 4004 p.
765 3936 822 3990 181.

364 4020 388 4088 ⁴)
409 4023 536 4076 Drosihni
554 4023 640 4090 praef.
660 4038 685 4090 p.
704 4022 755 4074 Vll
773 4037 823 4091 sq,
841 4023 885 4091 qui
904 4024 951 4087 s,4
969 4021 1065 4074 omisit.

365 4105 386 4176 ὅ)
407 4109 495 4160 Muell.
515 4108 548 4160 ds
566 4117 623 4162 arte
642 4109 700 4162 crit.
720 4108 782 4163 (leb.
801 4107 868 4161 Tab.
886 4107 976 4160 adhib.
996 4123 1022 4175 p.
1045 4109 1077 4159 19
1095 4123 1145 4175 sq,
1163 4123 1188 4174 p.
1208 4109 1249 4161 68.
