3124 4870
748 267 986 326 —128—

351 425 432 497 odoi
453 427 491 498 τὸ
507 432 640 515 τέμνειν
655 431 710 497 καὶ
725 437 833 498 καίειν
848 469 889 478 -
907 434 974 499 ἐστι
990 429 1133 517 νοσερὸν
1155 435 1211 500 καὶ
1225 429 1402 520 ὑγιεινον,

346 537 429 610 ἀλλὰ
455 538 492 610 τὸ
519 548 589 620 πῶς
615 543 810 626 τίμνειν..,
845 543 947 610 Cilla
977 539 1060 611 ἀλλὰ
1094 541 1131 612 cd
1160 551 1229 624 πῶς
1255 549 1403 631 τέμνειν

346 659 475 722 omittit.
522 656 600 722 Cum
625 657 656 719 V
676 658 709 719 in
740 658 798 720 hac
827 659 926 722 libelli
954 665 1045 739 parte
1071 661 1118 723 rei
1145 663 1272 725 criticae
1299 679 1400 725 exer-

345 771 463 834 cendae
490 770 533 833 sit
562 769 815 850 fundamentum,
849 790 918 834 curu
941 771 1096 836 Jerramio
1126 773 1203 836 haec
1233 773 1399 837 vocabula

344 882 472 962 recipio.
518 882 579 945 Hic
602 889 707 946 antem
726 885 796 957 πῶς
819 882 962 947 vocabuli
986 901 1072 962 usus,
1097 903 1157 964 qno
1181 891 1229 950 est
1257 887 1307 968 „in
1332 904 1396 966 go-

346 996 455 1059 wisser
486 995 622 1073 Weise“‚
656 1013 708 1073 „so
737 995 813 1058 oder
841 995 906 1073 so“‚
935 1000 1008 1058 ante
1039 997 1221 1060 Aristotelis
1248 1003 1395 1063 aetatem

346 1125 407 1171 nou
431 1108 602 1184 invenitur,
634 1108 716 1187 apud
739 1107 941 1172 Aristotelem
971 1125 1101 1186 eosque,
1133 1109 1186 1186 qui
1215 1116 1286 1189 post
1314 1128 1394 1175 eum

346 1219 486 1298 fuerunt,
509 1219 701 1300 saepissime,
726 1239 743 1282 e
762 1220 874 1300 quibus
891 1219 941 1282 hic
956 1236 1079 1299 quoque
1094 1223 1394 1285 commemorandus

342 1336 390 1394 est
413 1331 608 1396 Plutarchus.

430 1444 675 1527 ἐμφαίνεται.
715 1449 799 1523 16,5;
826 1448 911 1522 18,2;
945 1449 1016 1523 21‚3
1040 1444 1114 1508 libri
1147 1463 1204 1508 ms.
1234 1444 1391 1509 exhibent

342 1555 507 1638 ἐμφαίνει,
523 1558 616 1636 quod,
634 1576 703 1620 cum
724 1557 858 1620 activum
879 1555 957 1620 alias
973 1575 1126 1637 nusquam
1143 1558 1189 1622 sic
1206 1557 1387 1622 adhibitum

341 1671 549 1749 inveniretur,
580 1674 679 1748 recte,
712 1674 748 1731 ut
778 1669 856 1732 mihi
885 1668 1009 1749 quidem
1032 1670 1171 1748 videtur,
1203 1669 1386 1733 Drosihnus

342 1784 477 1845 mutavit
488 1782 520 1846 in
534 1780 736 1864 ἐμφαίνεται.
784 1782 852 1845 Hoc
869 1782 996 1845 verbum
1014 1782 1122 1846 eadem
1139 1800 1201 1863 qna
1217 1781 1268 1845 hie
1283 1781 1386 1860 signi-

341 1893 488 1959 ficatione
500 1901 686 1976 usurpatum
700 1895 835 1958 occurrit
848 1895 931 1974 apud
942 1894 1107 1976 Polybium
1124 1902 1155 1958 et
1167 1893 1383 1958 Plutarchum.

425 2007 514 2072 Haec
540 2007 606 2070 fere
628 2007 734 2086 habui,
758 2007 796 2071 de
821 2007 960 2070 Tabulae
982 2007 1148 2070 verborum
1182 2006 1383 2086 supellectile

340 2137 419 2198 quae
454 2136 651 2200 exponerem.
703 2117 819 2194 Quodsi
852 2119 885 2181 in
913 2117 1015 2181 indice
1049 2116 1214 2182 verborum
1251 2136 1270 2180 a
1298 2117 1380 2178 Dro-

339 2232 430 2296 sihno
454 2228 817 2310 conlectoJer1amms1)
841 2229 873 2293 id
889 2231 1033 2309 castigat,
1057 2229 1138 2308 quod
1162 2245 1199 2291 ex
1219 2228 1380 2292 vocabulis

340 2344 379 2407 ab
404 2345 458 2407 illo
482 2346 638 2423 congestis
662 2343 786 2408 circiter
809 2343 922 2422 viginti
946 2342 1083 2421 quinque
1110 2359 1148 2404 ex
1175 2340 1379 2421 scriptoribus

340 2454 450 2519 Cebeti
473 2455 655 2535 aequalibus
672 2460 727 2518 aut
742 2472 839 2534 prope
855 2452 1048 2534 aequalibus
1071 2453 1156 2517 velut
1175 2453 1378 2532 Hippocrate,

339 2567 563 2646 Demosthene,
576 2567 748 2630 Aristotele
760 2567 824 2630 sint
833 2565 938 2644 allata,
951 2564 1152 2645 Hippocratis
1165 2565 1240 2628 locis
1250 2571 1377 2644 propter

336 2680 488 2744 incertam
512 2679 680 2758 librorum,
712 2678 765 2758 qui
788 2678 855 2742 eius
878 2677 1040 2756 feruntur,
1071 2677 1291 2740 auctoritatem
1315 2693 1375 2738 non

338 2792 469 2856 nimium
493 2791 696 2855 tribuendum
719 2807 787 2854 esse
810 2788 886 2852 mihi
901 2788 1034 2852 videtur.
1073 2788 1299 2852 Demosthenes
1322 2805 1376 2850 au-

340 2910 403 2968 tem
426 2910 459 2969 et
482 2903 670 2968 Aristoteles
701 2901 784 2965 haud
813 2919 968 2982 quaquam
998 2900 1077 2964 adeo
1107 2901 1255 2980 aequales
1285 2905 1374 2962 erant

340 3015 460 3094 (lebeti,
476 3020 512 3079 ut
524 3015 607 3096 quod
618 3015 771 3080 vocabula
786 3015 939 3094 quaedam
953 3013 1093 3076 Tabulae
1104 3031 1167 3076 non
1178 3011 1374 3093 reperiuntur

338 3127 399 3192 nisi
423 3128 505 3208 apud
528 3128 609 3209 illos,
634 3146 671 3192 ea
694 3145 728 3191 re
746 3125 825 3189 nihil
840 3125 968 3205 probari
991 3125 1203 3190 concedamus
1250 3121 1371 3188 Cebetis

337 3241 419 3304 enim
454 3241 520 3304 vita
552 3246 620 3305 tum
654 3240 720 3304 fere
754 3244 823 3303 erat
860 3239 1018 3315 confecta,
1048 3256 1115 3302 cum
1146 3237 1192 3301 illi
1223 3235 1312 3298 libris
1343 3239 1372 3298 et

338 3352 534 3416 orationibus
557 3350 781 3432 componendis
801 3367 911 3415 vacare
925 3353 1104 3430 coeperunt.
1151 3346 1278 3411 Accedit
1294 3346 1370 3425 quod

337 3465 378 3530 ab
400 3464 573 3530 Aristotele
595 3484 677 3530 nova
690 3465 845 3547 quaedam
869 3469 905 3528 ut
918 3462 1134 3543 philosophiae
1154 3463 1199 3524 sic
1221 3455 1369 3522 sermonis

335 3578 369 3640 in
393 3576 593 3658 philosophia
614 3576 770 3640 versantis
798 3580 885 3640 aetas
915 3575 1026 3654 incipit
1052 3574 1180 3652 eiusque
1207 3587 1305 3649 genus
1328 3568 1369 3632 di·

338 3690 428 3755 cendi
444 3695 612 3769 tantopere
628 3708 647 3752 a
661 3688 820 3769 prioribus
836 3687 1003 3766 discrepat,
1020 3689 1055 3748 ut
1071 3682 1217 3748 Cebetem
1234 3681 1367 3745 Socratis

336 3801 523 3883 discipulum
549 3807 597 3866 tot
619 3800 770 3866 vocabula
793 3799 832 3863 ab
857 3799 910 3863 illo
933 3795 1150 3877 assumpsisse,
1175 3794 1222 3858 vel
1246 3793 1273 3857 si
1296 3793 1366 3856 mis-

331 3959 507 3968 ———...-.

419 4042 444 4112 ¹)
462 4041 547 4111 prael.
565 4058 593 4110 p.
612 4040 687 4093 XIll.
