3124 4870
638 359 853 419 ...95-

227 519 338 611 ἀρετή.
373 516 421 591 Ἡ
432 523 493 609 μὲν
516 513 580 592 οὖν
594 526 808 611 προσέρχεται
831 522 958 611 πόρνης
980 524 1036 592 καὶ
1060 525 1266 614 χαμαιτύπης

225 636 354 724 τρόπον
372 639 577 724 τετρυμμένη
594 641 684 722 (Tab.
702 646 720 706 9
736 639 981 725 κεκοσμημένας
1004 635 1115 724 ὥσπερ
1139 640 1265 723 ἑταῖραι

226 746 391 834 είοίθασι),
406 802 412 817 .
427 803 457 819 ..
492 756 751 837 Συνομαρτοῦσι
775 747 891 840 δαότῄ
913 755 981 818 τῶν
1005 751 1265 838 συνηθεστάτων

227 869 433 948 πανουργία,
466 866 657 950 προπέτεια,
686 871 854 950 κολακεία,
891 865 1111 953 φενακισμός,
1145 861 1264 949 ἀπάτη,

228 979 442 1060 ψευδολογία,
453 979 667 1060 υευδοδοξία,
679 972 822 1063 ἀσέβεια,
835 973 957 1062 ἀδικία,
967 973 1137 1046 ἀκολασία.
1155 981 1264 1046 Virtus

227 1096 337 1156 contra
359 1091 405 1156 sic
426 1090 612 1157 describitur
636 1098 654 1158 3
677 1112 707 1174 p.
727 1097 786 1158 167
804 1094 864 1159 M.:
889 1093 1066 1179 ἐλευθέρας
1087 1091 1143 1158 καὶ
1165 1085 1265 1177 ἀστῆς

227 1201 483 1286 προσφερομένη
505 1199 614 1269 πάντα
626 1254 634 1269 .
648 1253 656 1268 .
668 1256 675 1270 .
688 1197 833 1282 ἀψευδὲς
854 1192 949 1288 ἦθος,
962 1255 969 1270 .
982 1256 990 1271 .
1003 1256 1011 1272 .
1023 1205 1135 1290 σχίσιν
1163 1199 1265 1271 ἀπλα-

228 1319 520 1398 στον...μετρίαν
543 1315 676 1398 ἐσθῆτα.
716 1320 925 1382 Συνείποντο
950 1310 978 1382 δ’
996 1313 1080 1403 αὐτῇ
1104 1311 1264 1401 εὐσέβεια,

230 1418 379 1509 ὁσιότης,
409 1420 565 1513 ἀλήθεια,
587 1427 699 1511 θέμις,
723 1422 871 1512 άγιστεία
892 1426 948 1493 καὶ
978 1422 1129 1515 εὐορκία,
1160 1432 1264 1495 δικαι-

228 1533 352 1620 οσύνη,
390 1537 516 1624 ίσότης,
554 1534 758 1624 εὐσυνθεσία
794 1544 895 1626 cet-¹).
951 1543 999 1610 De
1026 1544 1082 1610 vit.
1122 1549 1204 1610 cont.
1245 1549 1263 1609 9

228 1668 258 1729 p.
280 1655 343 1716 482
373 1651 535 1735 ἐπιθυμία
563 1653 678 1719 dicitur
705 1649 907 1736 θρεμμάτων
934 1647 1184 1740 ἀπληστότατον
1211 1656 1264 1738 (cf.

229 1762 305 1827 Tab.
337 1767 378 1829 23
407 1766 463 1830 ubi
491 1766 672 1845 ignorantia
705 1771 737 1830 et
770 1785 858 1831 error
885 1768 1006 1832 bestiae
1036 1768 1264 1850 appellantur);

229 1875 338 1941 eodem
353 1879 492 1958 pertinet
506 1879 567 1959 leg.
581 1879 632 1942 all.
649 1879 714 1942 114
729 1898 760 1960 p.
777 1885 818 1945 68
834 1880 892 1944 M.:
915 1872 955 1943 τά
965 1883 1071 1964 θηρία
1085 1883 1143 1965 τῆς
1157 1884 1266 1964 ψυχῆς

227 1982 267 2052 τά
278 1984 384 2070 πάθη.
418 1992 690 2070 Leg.all.11153:
715 1987 876 2074 δεσπότης
895 1984 970 2056 ἀντὶ
987 1988 1114 2057 δούλου
1128 1996 1266 2076 γίνομαι

229 2099 284 2163 καλ
307 2092 493 2184 ἀνακράτος
514 2105 596 2167 νικῶ
619 2095 725 2187 καλὴν
747 2108 846 2186 νίκην
869 2108 1042 2187 καρτερίας
1060 2101 1117 2168 καὶ
1132 2121 1263 2186 σωφρο-

230 2207 335 2294 σύνης
356 2213 563 2280 similitudine
585 2216 787 2295 coniungitnr
808 2235 878 2281 cum
900 2215 978 2282 Tob.
1001 2235 1026 2281 c.
1052 2221 1103 2280 22.

314 2326 416 2391 Multa
439 2345 477 2391 ex
499 2327 640 2392 Philonis
668 2329 793 2409 scriptis
821 2329 927 2393 offerri
948 2334 1092 2411 possunt,
1119 2347 1203 2409 quae
1225 2330 1266 2395 ad

229 2435 356 2503 Cebetis
383 2439 537 2505 Tabulam
565 2441 705 2520 proxime
732 2442 896 2519 accedant3
925 2442 980 2505 sed
1003 2441 1042 2505 iis
1065 2442 1157 2522 ipsis,
1185 2459 1265 2521 quae

229 2553 390 2634 exscripsi,
406 2553 486 2618 satis
501 2559 602 2618 artam
613 2555 701 2619 illam
714 2554 931 2635 cognationem
945 2555 1098 2620 illustrari
1108 2555 1265 2619 existimo.

229 2663 347 2742 Quodsi
362 2666 498 2746 quaeris,
522 2673 594 2732 uter
616 2668 702 2747 prior
724 2673 757 2732 et
782 2703 816 2710 —
843 2667 987 2731 simodo
1010 2667 1141 2732 alterius
1163 2667 1266 2732 utrius

229 2792 308 2857 opus
320 2777 412 2840 alteri
424 2777 624 2842 obversatum
640 2785 689 2844 est
700 2814 740 2823 —
754 2779 846 2843 alteri
860 2777 901 2842 ad
916 2778 1104 2843 imitandum
1121 2777 1266 2843 videatur

228 2891 407 2970 propositus
436 2888 549 2972 fuisse,
579 2890 728 2956 confiteor
757 2897 877 2956 certum
906 2890 1056 2956 indicium
1086 2891 1125 2955 de
1152 2889 1211 2955 bac
1232 2907 1267 2954 re

230 3000 305 3064 mibi
327 3003 447 3066 nullum
470 3004 646 3069 obvenisse.
681 3003 877 3082 Quamquam
901 3001 933 3066 id
948 3002 1102 3083 aliquanti
1119 3003 1266 3082 ponderis

229 3129 298 3176 esse
325 3132 421 3177 ausus
450 3116 509 3180 sim
539 3113 712 3194 affirmare,
742 3114 826 3195 quod
852 3115 887 3178 in
914 3113 1055 3178 Philonis
1088 3113 1267 3179 imitatione

228 3223 396 3289 Prodiceae
424 3226 509 3292 illius
538 3227 576 3290 de
599 3226 736 3291 Hercule
762 3224 890 3292 fabulae
918 3226 971 3305 (de
993 3243 1087 3291 merc.
1111 3231 1222 3291 meret.
1247 3229 1265 3290 2

228 3353 259 3415 p.
289 3339 349 3401 265
380 3337 437 3416 Μ.)
466 3355 620 3419 personne
657 3342 689 3402 et
722 3338 829 3420 plures
862 3342 895 3401 et
927 3337 1057 3402 uberius
1091 3337 1267 3419 descriptae

227 3448 493 3530 amplioribusque
508 3455 642 3515 naturae
660 3466 737 3515 suae
749 3455 844 3531 atque
856 3449 970 3515 indolis
982 3450 1082 3530 signis
1094 3454 1268 3517 instructae

228 3567 396 3625 occurrunt
418 3581 512 3644 quarn
535 3564 568 3628 in
584 3562 711 3630 Pinace.
749 3564 828 3630 Fere
850 3565 936 3630 enim
959 3566 1005 3630 sic
1026 3562 1095 3630 fieri
1118 3564 1209 3642 solet,
1232 3568 1268 3627 ut

227 3671 470 3757 imitatoreius,
494 3677 583 3741 cuius
606 3676 743 3758 vestigia
765 3677 890 3758 premit,
914 3677 1143 3758 expositionem
1157 3676 1268 3757 ampli-

227 3782 320 3850 ficare
343 3804 485 3871 novaque
507 3791 557 3854 vel
580 3789 620 3853 ab
642 3788 711 3868 ipso
733 3791 863 3855 inventa
877 3791 927 3854 vel
942 3788 1068 3855 aliunde
1083 3791 1268 3870 deprompto

226 3895 368 3963 addendo
391 3917 544 3968 exornare
568 3901 702 3967 studeat.
749 3902 847 3984 Atqui
870 3903 903 3966 in
919 3901 1041 3966 Tabula
1064 3902 1173 3986 paucis
1195 3920 1266 3982 pcr-

231 4011 369 4019 -—-

312 4052 333 4120 1)
353 4013 454 4110 Eadem
480 4055 610 4124 allegoria
637 4056 721 4123 paulo
749 4054 890 4112 decurtata
915 4055 1049 4112 invenitur
1077 4057 1110 4112 de
1137 4055 1225 4112 racril.
1251 4055 1267 4108 5

225 4154 251 4206 p.
272 4143 323 4195 lot
332 4141 370 4196 ll.
