3132 4874
607 339 820 400 ..53-

196 504 235 568 ad
259 523 330 569 enm
354 501 459 586 finem,
482 505 535 586 qui
559 506 704 572 omnibus
727 510 907 589 propositus
930 513 993 589 est,
1022 509 1171 576 virtmem
1198 512 1232 575 et

196 633 304 681 veram
327 618 546 697 eruditionem,
567 619 797 699 assequendum
821 619 909 684 nulla
925 620 972 686 vis
988 621 1090 687 inesse
1106 621 1230 701 dicitur,

197 729 305 794 iisdem
324 731 522 811 aliquantum
538 729 688 795 utilitatis
704 731 901 813 attribuitur,
925 751 994 797 cum
1011 734 1232 799 convenienter

195 843 250 923 iis,
273 859 355 925 quae
379 861 474 923 supra
497 844 535 908 de
557 843 697 908 auctoris
720 842 879 908 sententia
902 845 1144 926 disputavimus,
1173 862 1231 910 eae

196 975 261 1034 res,
292 955 406 1036 quibus
435 955 577 1020 homines
609 973 672 1020 non
704 953 783 1021 fiant
805 955 966 1036 meliores,
998 958 1029 1020 in
1052 957 1145 1022 bonis
1167 974 1230 1022 non

194 1069 356 1132 ducendae
383 1068 545 1147 omnisque
568 1067 708 1148 dignitas
730 1067 776 1131 eis
804 1067 848 1132 sit
870 1069 1050 1149 deroganda
1073 1069 1125 1152 (oi.
1151 1074 1230 1149 39‚3

195 1189 228 1245 et
249 1201 278 1262 p.
303 1181 367 1258 44).
413 1179 535 1245 Deinde
566 1179 591 1242 si
622 1178 678 1244 illa
708 1179 748 1244 ad
773 1179 919 1244 virtutem
949 1200 1028 1264 opus
1056 1201 1117 1248 non
1146 1188 1232 1264 sunt,

195 1295 289 1358 aliam
318 1309 442 1373 quoque
469 1291 551 1354 riam
586 1309 656 1356 esse
687 1291 931 1373 existimaveris,
964 1313 1046 1376 quac
1076 1295 1158 1361 ierat
1191 1297 1233 1362 ad

194 1423 297 1471 veram
315 1404 531 1470 Eruditioncm
555 1422 657 1483 neque
681 1422 785 1470 senem
809 1405 975 1487 imperare,
998 1412 1034 1473 ut
1057 1425 1126 1471 cum
1150 1406 1232 1472 falsa

195 1518 381 1583 Eruditione
412 1533 581 1581 versemur.
636 1515 770 1581 Tollitur
801 1516 986 1600 difficultas,
1015 1520 1042 1584 si
1072 1538 1143 1585 cum
1175 1519 1233 1586 hoe

195 1631 298 1712 capite
331 1627 563 1709 comparaveris
591 1628 727 1693 Senecae
757 1630 925 1710 epistulam
949 1636 1005 1710 88,
1035 1631 1125 1697 cuius
1155 1631 1232 1697 haec

195 1743 391 1824 potissimum
407 1740 503 1804 verba
519 1738 558 1803 ad
580 1745 719 1805 nostram
736 1743 953 1821 quaestionem
969 1744 1141 1825 pertinent,
1165 1763 1232 1809 am-

195 1857 293 1938 pliore
322 1853 530 1934 explicatione
559 1853 748 1918 sententiam
780 1872 799 1917 a
828 1853 943 1920 (lebete
972 1855 1129 1936 prolatam
1159 1857 1232 1922 illu-

194 1969 332 2034 strantia
363 1965 484 2046 (88,2):
526 1964 678 2044 ,Quidam
712 1966 789 2030 illud
823 1966 863 2032 de
894 1966 1078 2032 liberalibus
1117 1968 1231 2033 studiis

193 2078 406 2162 quaerendum
430 2076 657 2156 iudicaverunt,
680 2096 722 2141 an
739 2079 839 2143 virum
854 2080 970 2144 bonum
995 2078 1145 2143 iacerent.
1184 2079 1231 2144 Ne

194 2192 386 2273 promittunt
400 2189 525 2270 quidem
541 2205 598 2252 nec
612 2188 705 2255 liuius
728 2190 774 2254 rei
798 2191 962 2255 seientiam
978 2189 1129 2256 affectant
1145 2188 1229 2272 (20):

194 2306 299 2382 Quare
321 2320 398 2381 er·go
419 2300 601 2365 liberalibus
624 2302 738 2366 studiis
753 2301 835 2367 filios
851 2302 1032 2368 erudimus?
1070 2303 1231 2386 Nonquia

195 2418 343 2480 virtutem
369 2414 445 2478 dare
467 2413 599 2494 possint,
624 2414 679 2478 sed
701 2413 774 2494 quia
794 2415 934 2478 animum
958 2414 999 2478 ad
1017 2415 1231 2496 accipiendam

185 2529 342 2622 ¹virtutem
366 2530 575 2608 praeparant:
592 2575 600 2591 .
618 2578 624 2590 .
643 2575 676 2590 ..
700 2527 846 2592 liberales
869 2533 956 2593 artes
978 2546 1039 2592 non
1057 2527 1232 2609 perducunt

195 2641 336 2705 animum
360 2637 400 2702 ad
416 2637 575 2715 virtutem,
598 2638 652 2702 sed
670 2638 863 2720 expediunt.
881 2689 888 2703 .
905 2687 912 2703 .
931 2691 937 2705 .
957 2676 994 2684 -
1013 2639 1091 2706 Cum
1107 2641 1230 2720 dicatis,

193 2752 307 2833 inquit,
332 2751 399 2814 siue
422 2748 605 2814 liberalibus
628 2751 743 2816 studiis
758 2750 799 2814 ad
814 2751 962 2816 virtutem
985 2770 1047 2816 non
1063 2752 1229 2834 perveniri,

194 2881 285 2944 quern
309 2863 349 2926 ad
373 2862 498 2926 modum
520 2864 645 2944 negatis
673 2863 728 2927 illa
755 2862 834 2928 nihil
856 2861 1000 2928 conferre
1022 2862 1154 2927 virtuti?
1170 2910 1178 2926 .
1197 2911 1229 2928 ..

192 2975 264 3041 Non
286 2979 349 3050 est,
373 2975 517 3055 inquam,
539 2992 595 3038 cnr
618 2975 737 3055 aliquid
760 2981 852 3056 putes
876 2975 942 3038 eins
967 2974 1123 3039 adiutorio
1150 2973 1230 3055 fieri,

193 3088 261 3152 sine
290 3106 351 3167 quo
381 3102 444 3149 non
473 3092 578 3167 potest
606 3083 684 3151 ficri.
730 3085 839 3150 Potest
867 3085 992 3165 quidem
1022 3087 1119 3151 etiam
1151 3085 1229 3151 illud

193 3199 270 3278 dici,
293 3199 360 3262 sine
383 3199 567 3264 liberalibus
590 3198 702 3263 studiis
726 3200 826 3264 veniri
848 3198 889 3262 ad
911 3199 1098 3279 sapientiam
1121 3217 1229 3280 posse:

192 3310 335 3393 quamvis
359 3310 441 3374 enim
464 3311 566 3375 virtus
589 3310 736 3374 discenda
759 3311 815 3390 sit,
845 3315 952 3374 tamffl
979 3329 1042 3376 non
1070 3329 1126 3391 per
1156 3313 1232 3377 haee

192 3423 352 3486 discitur.“
402 3423 523 3502 Duplex
550 3423 649 3501 igitur
676 3423 844 3488 seeundum
868 3421 1018 3486 Senecam
1041 3428 1090 3487 est
1123 3441 1231 3488 neces-

193 3534 278 3600 sitasv
318 3533 504 3598 Necessaria
527 3534 609 3599 enim
633 3540 665 3599 et
687 3552 724 3598 ea
745 3539 831 3615 sunt,
853 3533 967 3615 quibus
990 3533 1032 3614 id,
1056 3536 1140 3616 quod
1164 3533 1231 3598 alfi-

193 3645 337 3710 ciendum
360 3651 421 3728 est,
443 3645 579 3712 efficitur
600 3681 637 3692 ·—
667 3649 748 3712 sicut
770 3646 810 3712 ad
826 3647 976 3716 virtutem
995 3647 1174 3712 necessaria
1187 3650 1237 3707 est

192 3757 343 3822 conectio
359 3775 491 3837 morum,
508 3779 572 3840 qua
588 3761 690 3828 virtus
707 3758 843 3826 efficitur
861 3794 900 3808 -
918 3765 953 3824 et
968 3777 1015 3838 ea,
1032 3757 1100 3822 sine
1123 3754 1237 3834 quibus

192 3868 270 3935 illud
294 3867 373 3934 ellici
397 3871 518 3952 nequit,
541 3889 732 3954 quamquam
749 3890 810 3936 non
834 3870 874 3936 iis
897 3870 979 3956 ipsis
996 3865 1132 3934 efficitur
1151 3903 1174 3910 —
1204 3869 1241 3930 ut

192 3981 307 4046 artium
331 3981 507 4048 liberalium
531 3985 682 4052 studium.
723 3985 770 4048 De
792 3983 899 4064 priore
923 3983 982 4050 illa
1005 3978 1196 4046 necessitate
1214 3977 1242 4042 si

191 4093 327 4174 cogitas,
360 4092 438 4174 ,dici
467 4103 573 4177 potest
604 4101 675 4165 sine
707 4095 895 4162 liberalibus
926 4093 1044 4162 studiis
1071 4088 1176 4156 venir-l
1203 4088 1244 4154 ad
