3124 4870
691 317 927 376 -106-

292 484 443 563 accidere,
468 490 503 548 ut
526 503 615 549 suam
639 490 698 566 ipsi
722 497 857 550 aetatem
883 489 929 549 vel
951 488 1043 551 inviti
1066 489 1244 566 proderent.
1289 488 1328 552 Id

291 602 396 659 autem
426 603 671 663 consentaneum
700 605 748 663 est
776 600 808 662 in
832 600 877 663 eis
901 598 995 663 rebus
1018 598 1165 663 facillime
1187 598 1270 678 fieri,
1294 602 1327 664 in

291 725 369 789 quas
390 709 601 773 inscribendo
618 709 1012 775 minimcanimadvertere
1035 711 1150 789 soleas,
1174 711 1261 774 velut
1292 712 1325 772 in

291 819 561 899 praepositionum
585 841 645 886 usn
666 823 699 885 in
723 825 823 904 iisque
846 821 1004 885 vocabulis
1028 822 1228 901 adhibendiS,
1252 837 1328 902 quo·

292 948 362 993 rum
385 929 499 1009 duplex
522 939 590 998 erat
612 933 714 999 forma
738 935 785 997 vel
808 933 989 1012 declinatio,
1018 933 1118 998 altera
1140 934 1179 997 ab
1202 934 1328 1011 Atticis,

292 1043 392 1106 altera
421 1061 439 1105 a
469 1046 584 1125 κοινῆς
606 1063 686 1126 quae
715 1051 846 1110 uocatur
879 1045 1084 1125 scriptoribus
1106 1046 1140 1108 in
1162 1063 1252 1109 usum
1276 1063 1329 1107 vo-

292 1159 370 1215 cata.
414 1152 500 1230 Quae
523 1153 599 1216 mihi
622 1155 715 1218 huius
739 1156 864 1236 generis
887 1155 993 1220 oblata
1015 1161 1101 1234 sunt,
1126 1156 1325 1220 enumerabo.

292 1261 329 1325 Id
353 1279 552 1341 praemoneo,
576 1265 615 1327 de
630 1265 769 1329 codicum
793 1267 949 1347 scriptura
971 1285 1034 1330 non
1057 1268 1102 1330 ita
1117 1267 1233 1348 ubique
1254 1284 1328 1330 con-

291 1380 386 1452 stare,
410 1380 446 1439 ut
468 1375 506 1438 de
529 1378 673 1440 omnibus
697 1378 773 1440 locis
789 1384 908 1441 certum
931 1378 1081 1443 iudicium
1097 1378 1201 1443 facere
1223 1379 1325 1443 liccat.

292 1485 356 1548 Eae
373 1486 454 1549 enim
471 1487 665 1567 collationes,
683 1489 794 1568 quibus
811 1506 885 1552 usus
901 1495 950 1554 est
966 1488 1326 1568 Schweighaeuserus-

293 1597 379 1660 cuius
403 1597 437 1659 in
460 1597 597 1662 editione
621 1597 734 1662 nititur
756 1598 932 1663 Drosihnus
960 1635 1017 1678 -,
1048 1601 1249 1665 vehementer
1273 1601 1329 1664 du-

292 1707 358 1771 bito
382 1726 455 1771 num
479 1725 530 1786 ea,
558 1726 651 1788 quam
683 1728 739 1774 nos
763 1710 855 1774 hodie
877 1711 1080 1792 requirimus,
1109 1730 1329 1794 usquequaque

293 1836 367 1882 cura
389 1818 491 1884 factae
514 1821 587 1885 sint.
625 1821 797 1886 Muellerus
807 1822 830 1900 ¹)
851 1830 957 1887 autem
973 1841 1035 1886 nou
1057 1823 1089 1887 id
1105 1825 1270 1903 spectavit,
1293 1828 1328 1887 ut

292 1931 387 1995 huius
416 1931 490 1995 libri
524 1939 640 1996 textum
665 1935 885 2012 constitueret,
916 1934 971 1999 sed
998 1941 1033 1999 ut
1061 1936 1218 2000 rationem
1247 1936 1330 1998 inter

293 2044 433 2123 singulos
466 2042 563 2109 libros
594 2047 823 2128 manuscriptos
856 2054 1022 2127 ceteraque
1057 2050 1103 2111 rei
1133 2048 1262 2112 criticae
1295 2046 1328 2109 in

294 2153 420 2219 Cebetis
442 2154 565 2220 Tabula
589 2157 780 2222 exercendae
802 2157 984 2223 adiumenta
1006 2157 1253 2222 intercedentem
1277 2176 1329 2221 ex-

293 2268 442 2348 ploraret.
488 2267 642 2344 Quocirca
669 2287 732 2332 nou
760 2277 943 2351 perpetuam
966 2270 1106 2334 codicum
1130 2271 1329 2334 collationem

293 2380 452 2460 praebuit,
480 2379 534 2444 sed
557 2398 593 2443 ea
618 2382 718 2445 solum
742 2381 920 2460 exscripsit,
944 2398 1025 2462 quae
1048 2380 1088 2443 ad
1110 2379 1329 2444 illustrandam

294 2491 446 2555 librorum
475 2492 629 2556 ratonem
658 2492 788 2555 alicuius
821 2493 971 2556 momenti
999 2509 1069 2556 esse
1099 2489 1329 2570 videbantnr2).

294 2604 344 2668 Ita
367 2601 416 2681 fit,
439 2603 571 2684 utquid
594 2622 717 2685 quoqne
740 2605 807 2668 loco
830 2605 863 2666 in
888 2605 1014 2685 optimis
1037 2602 1194 2666 codicibus
1217 2607 1331 2680 exstet,

295 2715 399 2778 minus
423 2719 506 2778 certo
530 2715 680 2794 sciamus;
703 2714 758 2778 sed
781 2715 829 2778 vel
853 2716 902 2795 iis,
926 2716 965 2780 de
985 2715 1165 2797 quibusvis
1184 2713 1331 2778 dubitare

296 2828 399 2905 liceat,
423 2827 501 2891 satis
525 2844 616 2906 spero
639 2826 805 2905 probatum
822 2827 872 2908 iri,
895 2845 958 2892 non
980 2827 1073 2907 plane
1095 2825 1237 2889 Tabulae
1259 2841 1330 2888 auc·

295 2944 395 3003 torem
418 2957 487 3004 cum
511 2940 637 3020 optimis
660 2940 810 3004 atticismi
834 2938 1040 3018 scriptoribus
1063 2937 1237 3001 convenire.

382 3052 485 3132 Atque
500 3054 645 3134 primum,
665 3053 835 3117 adnomen
851 3052 934 3132 quod
950 3052 1075 3129 attinet,
1092 3049 1170 3114 baec
1185 3048 1262 3112 mibi
1278 3049 1332 3114 ob·

295 3169 449 3228 venerunt
464 3163 504 3227 ab
520 3165 634 3230 Atticis
649 3182 711 3229 non
727 3165 822 3244 plane
838 3164 964 3242 reiecta,
984 3163 1038 3227 sed
1053 3162 1157 3228 rarius
1174 3160 1330 3225 adhibita:

383 3280 431 3353 6,l
457 3277 591 3354 legimus
613 3280 744 3358 πλεῖον,
774 3276 822 3340 cui
846 3273 966 3340 formae
989 3274 1088 3340 Attici
1111 3271 1332 3354 praeferebant

295 3383 405 3450 πλέον.
413 3384 439 3468 ³)
484 3385 542 3452 Oui
569 3389 631 3466 rei,
660 3406 730 3452 cum
758 3388 936 3453 Atticorum
968 3385 1162 3452 consuetudo
1189 3384 1330 3462 fluctuet,

296 3517 359 3563 non
383 3498 515 3564 multum
538 3500 738 3564 tribuendum
763 3518 832 3565 esse
856 3499 1001 3565 concedo.

386 3649 406 3719 ¹)
426 3651 466 3704 De
484 3657 542 3704 arte
561 3650 653 3704 critica
672 3649 733 3704 Ceb.
753 3650 819 3702 Tab.
838 3649 928 3704 adhib.
947 3649 1104 3717 Virceburgi
1124 3651 1199 3702 1877.

386 3739 407 3806 ¹)
428 3739 468 3792 Ne
486 3735 610 3790 Muelleri
629 3733 735 3804 quidem
753 3734 923 3789 collationem
941 3741 1092 3789 accuratam
1116 3749 1172 3788 esse
1191 3731 1333 3786 affirmavit

297 3823 445 3891 Knoellius,
464 3823 566 3878 Ztschr.
585 3821 603 3875 f.
622 3821 945 3890 d.bsterr.Gymn.1878
962 3836 988 3888 p.
1004 3823 1051 3873 101
1062 3835 1116 3889 sq.;
1135 3821 1178 3875 cui
1197 3819 1334 3887 respondit

297 3908 446 3964 Muellerus
464 3908 528 3962 ibid.
550 3908 616 3961 1879
634 3923 660 3974 p.
678 3907 727 3958 251
739 3922 778 3974 sq.
814 3905 929 3973 (Knoell.
948 3904 1010 3957 ibid.
1028 3921 1055 3972 p.
1074 3905 1143 3971 336.)

385 3995 407 4063 ³)
426 3994 460 4051 ci.
478 3994 652 4049 Knehnerum
669 4007 780 4060 gramm.
800 3991 893 4048 Graec.
912 3992 925 4045 1
943 4008 969 4060 p.
982 3993 1034 4046 439
1045 3998 1072 4046 et
1083 3993 1243 4060 scriptorum
1261 3992 1333 4046 locos

295 4079 334 4134 ibi
352 4088 577 4136 commemorator.
