3124 4870
642 343 873 402 -121-

237 513 463 578 inhaerentem.
512 515 555 579 At
576 532 645 577 curn
663 519 773 578 auctor
797 517 866 592 22,l
894 519 929 577 ut
943 514 990 576 ita
1004 512 1106 576 dicam
1125 523 1275 594 quonam-

237 627 328 690 mollo
358 626 510 691 exciderit
542 627 693 706 imagine,
724 645 786 690 nou
817 633 867 690 est
895 643 951 690 cnr
973 644 1035 691 non
1059 627 1173 690 ceteris
1195 625 1273 692 locis

236 737 317 802 idem
341 738 461 804 factum
485 757 555 804 esse
578 745 766 803 statuamus.
812 739 880 816 Quo
911 755 1058 803 concesso
1082 756 1158 801 usus
1182 756 1273 803 voca-

238 849 303 913 buli
331 845 473 931 ὃύνομις
494 850 549 931 qui
577 855 626 914 cst
650 850 681 913 in
706 849 828 915 Tabula
856 869 875 913 a
898 850 982 915 bona
1005 849 1189 915 Graecitatc
1211 869 1273 916 uon

235 960 385 1026 abhorret
409 961 461 1042 (cl.
485 963 564 1026 Xen.
590 960 704 1043 Cyrup.
729 967 759 1041 8,
772 965 801 1039 8,
818 960 879 1040 14).

323 1071 461 1156 ἐγνίζω
485 1071 589 1156 (35,1)
606 1074 646 1136 ab
662 1073 892 1154 antiquioribus
915 1072 1052 1138 alienum
1074 1079 1131 1137 est.
1177 1075 1272 1138 Juve-

236 1185 322 1249 nitur
343 1185 426 1266 apud
443 1184 617 1267 Polybium,
643 1185 825 1263 Diodorum,
849 1184 981 1249 Dionem
1003 1185 1272 1268 Chrysostomum,

234 1297 448 1377 Plutarchum,
472 1296 569 1375 LXX,
593 1296 627 1360 in
650 1296 739 1360 Novo
762 1296 973 1361 Testamenta

321 1412 470 1483 εἰκαῖος
492 1409 604 1489 (thil).
650 1407 743 1488 Soph.
772 1407 812 1470 ir.
837 1412 899 1473 288
925 1408 1032 1486 Dind.;
1061 1409 1100 1472 de
1128 1410 1272 1489 personis

235 1541 295 1587 non
320 1523 479 1587 invenitur
494 1526 680 1601 usurpatum
698 1521 757 1583 nisi
775 1520 858 1600 apud
875 1521 1076 1600 recentiores,
1096 1521 1271 1602 Polybium,

236 1634 407 1713 Philonem,
432 1632 645 1711 Plutarchum,
669 1632 854 1697 Luciauum.

320 1745 480 1810 ἐκποιεῖ
508 1745 588 1827 (8,4)
611 1766 649 1810 ex
675 1745 769 1827 Lysia
798 1744 910 1809 attulit
939 1744 1057 1809 Pollux.
1108 1745 1272 1809 Invenitur

233 1859 316 1938 apud
341 1859 578 1939 Hippocratem,
602 1857 743 1921 Teletem
767 1855 867 1938 (Stnb.
892 1856 906 1919 Ι
930 1877 958 1939 p.
984 1863 1041 1921 127
1067 1856 1188 1939 blein),
1214 1858 1271 1921 Po-

236 1968 368 2051 lybium,
393 1970 606 2034 Plutarchum.
652 1969 822 2034 Praeterea
849 1970 986 2033 occurrit
1008 1971 1039 2033 in
1063 1968 1272 2049 Theophrasti

234 2098 384 2163 responso
407 2100 426 2143 a
449 2081 588 2160 Diogene
613 2081 740 2145 Laertio
765 2085 834 2159 5‚41
862 2081 989 2145 tradito.

319 2195 510 2267 ἔκπτωσις
532 2190 612 2274 (l,3)
634 2194 763 2256 obvenit
786 2190 871 2272 apud
891 2191 1064 2274 Polybium,
1092 2191 1269 2271 lliodorum,

233 2305 435 2382 Strabonem,
466 2304 684 2384 Plutarchum,
718 2305 771 2369 secl
802 2306 847 2368 ita
872 2305 987 2385 ubique
1012 2303 1202 2382 adhibitum,
1234 2310 1270 2368 ut

233 2419 478 2500 praepositionis
502 2419 588 2482 notio
612 2425 754 2484 serretur
776 2435 878 2499 neque
907 2416 1092 2497 simpliciter
1114 2417 1271 2492 ἔκπτωσις

232 2528 388 2612 significet
414 2529 628 2610 ,calamitas“.
641 2533 663 2610 ¹)
843 2593 849 2604 ‚

319 2645 490 2725 ἔμφασις
511 2646 591 2722 (1,3;
609 2642 706 2725 2l,l).
745 2644 991 2724 Antiquissimus
1014 2643 1106 2707 testis
1129 2648 1177 2707 est
1200 2642 1270 2706 Ari·

232 2754 372 2818 stotelrs.
419 2757 564 2838 ἔμφασιν
578 2767 687 2820 ποιεῖν
703 2758 832 2838 primus,
856 2764 1008 2838 quantum
1024 2756 1150 2836 scimus,
1172 2758 1269 2837 scrip·

232 2867 274 2930 sit
297 2867 543 2949 Theophrastus,
568 2869 623 2933 sed
646 2870 706 2948 ita,
729 2873 765 2933 ut
788 2879 872 2934 essct
899 2870 1086 2949 ,imaginem
1110 2867 1268 2933 efficere“.

232 2979 290 3058 Ea,
314 2998 395 3060 quac
413 2980 463 3044 hic
480 2980 612 3060 obtinet,
636 2982 794 3046 sententia
809 2983 890 3046 hanc
905 2982 1095 3048 locutionem
1118 2981 1269 3046 adhibent

231 3090 390 3174 Polybius,
415 3093 580 3166 Diodorus,
605 3093 803 3158 Plutarchus.

317 3193 633 3285 (εὐδαιμονικός,
650 3207 732 3286 quod
744 3206 804 3270 hoc
817 3207 886 3271 loco
902 3212 1129 3272 commemorat
1139 3206 1269 3271 Drosih-

233 3332 303 3393 nuS,
327 3316 410 3396 apud
434 3315 598 3379 Platonem
622 3323 654 3379 et
676 3317 917 3399 Xenophontem
941 3320 1102 3400 occurrit.)

316 3418 464 3490 εὐεκιῶ
495 3426 596 3506 (16,l)
630 3430 785 3510 reperitur
815 3430 897 3510 apud
926 3431 1057 3498 Dionem
1082 3430 1268 3515 Chrysnsto·

230 3557 323 3618 mum,
347 3539 565 3605 Plutarchum,

233 3641 344 3652 m...

318 3675 342 3738 ¹)
361 3675 436 3744 Quae
461 3675 621 3743 significatio
646 3677 685 3732 ita
711 3678 872 3746 explicanda
895 3689 948 3748 est,
970 3687 1000 3733 ut
1022 3679 1211 3746 subintellcgaa
1236 3673 1267 3732 ἐκ

230 3761 289 3812 των
308 3752 436 3828 ἀγαθῶν,
450 3762 499 3830 vcl,
518 3771 548 3817 ut
561 3763 644 3818 voluit
656 3765 932 3834 Schweighaeuserus,
944 3765 975 3820 de
988 3773 1061 3819 sorte
1074 3766 1183 3833 rogites,
1200 3782 1268 3833 quac

229 3845 311 3900 alicui
335 3848 445 3916 excidit,
464 3849 481 3902 i.
500 3867 523 3904 c.
547 3849 682 3916 contingit
720 3851 846 3920 Polybius
867 3859 894 3904 et
912 3851 1047 3906 Diodorus
1065 3851 1117 3906 boc
1138 3852 1268 3906 uocabulo

232 3939 344 3987 utuntur
362 3933 395 3986 de
413 3935 509 3989 exsilio
532 3929 590 4005 ([ἒκ
608 3936 658 4004 τῆς
681 3929 785 4006 χώρας]
805 3932 963 4004 ἔκπτωσις),
987 3937 1113 3990 Manetho
1132 3937 1164 3990 rlc
1183 3948 1268 3994 morte

231 4017 379 4086 (subintell.
401 4013 619 4092 inscriptos),
642 4019 740 4076 Strabo
768 4022 801 4076 de
824 4023 1008 4078 immutatione
1035 4023 1068 4079 cd
1096 4025 1173 4092 peius
1196 4025 1268 4082 lacta

229 4105 270 4174 (p.
289 4107 352 4160 467:
372 4106 402 4159 εἴ
417 4123 458 4167 τις
477 4103 611 4170 ἔκπτωσις
628 4101 700 4177 πρὸς
718 4101 750 4160 τὸ
768 4113 864 4177 χεῖρον
882 4105 1018 4178 γένηται).
