3124 4870
645 273 882 331 —105-

238 438 375 503 cendum
398 457 460 501 non
485 456 563 519 esse,
587 438 641 503 sed
657 441 752 518 etiam
767 440 805 504 de
821 441 975 505 adiectivo
999 434 1154 523 ἀβέβαιος
1174 443 1281 525 quaeri

239 549 366 613 debere.
405 548 494 628 Quod
518 551 544 614 si
567 551 671 631 priore
694 556 800 616 aetate
823 553 1000 619 adhibitum
1023 555 1168 634 occurrit,
1192 573 1285 621 nemo

240 667 291 726 est
313 663 390 741 quin
413 662 519 726 videat
541 681 614 726 casu
636 661 705 728 fieri
727 665 885 745 potuisse,
913 672 949 731 ut
972 665 1155 730 adverbium
1178 669 1211 731 in
1233 667 1284 748 iis,

242 791 326 854 quae
354 775 393 837 ad
420 778 560 838 nostram
586 779 722 838 aetatem
745 781 1002 855 permanserunt,
1033 781 1175 840 veterum
1199 777 1283 840 Atti-

243 903 352 949 corum
383 886 509 965 scriptis
538 903 601 949 non
633 887 797 950 obveniret
826 904 928 967 neque
951 886 1118 970 quidquam
1142 888 1215 952 huic
1236 889 1284 951 rei

242 996 444 1061 tribuendum
468 1015 536 1063 esse
558 998 718 1063 momenti.
756 997 836 1062 Mihi
855 999 981 1079 quidem
1005 1005 1071 1063 tum
1095 998 1220 1062 demum
1243 998 1282 1062 ad

244 1107 370 1171 Cebetis
400 1115 538 1172 aetatem
565 1107 816 1187 investigandam
847 1110 1013 1174 verborum
1045 1109 1147 1176 indice
1176 1109 1282 1191 profici

244 1217 382 1297 videtur,
406 1221 434 1283 si
457 1238 520 1284 non
544 1219 635 1284 modo
651 1219 689 1284 de
712 1237 899 1301 unoquoque
918 1221 1085 1298 vocabulo,
1110 1223 1165 1286 sed
1188 1223 1282 1286 etiam

244 1332 283 1394 de
313 1333 456 1411 cognatis
486 1332 655 1396 viderimus
686 1350 786 1412 neque
820 1333 897 1396 satis
934 1333 996 1396 rati
1028 1333 1284 1413 antiquissimum

244 1444 394 1524 cuiusque
421 1449 534 1508 testem
558 1445 726 1525 protulisse
755 1445 1000 1524 uniuscuiusque
1023 1444 1166 1509 vocabuli
1195 1447 1284 1524 quasi

245 1562 360 1619 sortem
392 1561 424 1620 et
451 1556 615 1620 historiam
642 1557 821 1620 evolventes
849 1556 1038 1638 quibusnam
1062 1573 1099 1620 ex
1129 1558 1283 1622 recentio-

245 1666 332 1730 ribus
355 1667 561 1746 scriptoribus
583 1667 720 1731 maxime
742 1667 774 1730 in
799 1685 857 1731 usu
880 1669 976 1734 fuerit
999 1669 1238 1734 ostenderimus.

332 1777 504 1844 Certiorem
527 1798 619 1860 quarn
648 1782 679 1843 in
705 1781 870 1845 verborum
894 1781 1087 1861 supellectile
1116 1781 1222 1845 iudicii
1246 1782 1285 1846 de

245 1891 344 1955 libelli
368 1892 578 1969 germanitate
608 1892 745 1957 faciendi
774 1911 917 1958 normam
940 1892 1097 1958 Jerramio
1124 1893 1285 1958 adsentior

246 2004 278 2066 in
306 2003 512 2082 grammatico
542 2023 600 2068 usn
632 2005 767 2085 positam
798 2023 881 2083 esse,
911 2005 957 2068 ita
989 2009 1108 2084 tamen,
1139 2009 1175 2066 ut
1206 2003 1233 2066 si
1266 2021 1284 2065 a

245 2114 530 2196 praestantissimis
553 2117 708 2182 sermonis
726 2115 837 2179 Graeci
861 2117 1042 2181 auctoribus
1065 2133 1140 2179 usus
1161 2115 1283 2178 dicendi

248 2223 413 2304 discrepat,
438 2225 557 2304 optimo
580 2226 648 2290 iure
671 2225 823 2290 Tabulam
848 2228 1083 2308 supposititiam
1108 2246 1176 2292 esse
1199 2225 1283 2290 affir-

247 2353 376 2415 memus
400 2353 438 2400 ex
462 2339 666 2402 consensione
688 2340 793 2400 autern
816 2338 1009 2418 germanitas
1032 2356 1093 2400 non
1119 2336 1284 2418 efficiatur,

248 2465 316 2510 cnm
347 2449 388 2527 is,
417 2448 471 2529 qui
500 2449 617 2515 librum
647 2451 835 2529 composuit,
871 2450 997 2514 illorum
1028 2449 1284 2515 consuetudinem

248 2559 387 2638 potuerit
408 2557 583 2624 observare.
623 2560 727 2640 Atque
748 2561 887 2626 Tabulae
911 2580 1023 2642 sermo,
1047 2562 1284 2644 grammaticam

249 2672 404 2736 rationem
426 2675 454 2737 si
477 2680 614 2755 spectas,
644 2690 738 2754 quarn
762 2692 859 2754 prope
882 2673 967 2739 absit
994 2675 1033 2738 ab
1057 2674 1185 2753 optimis
1209 2673 1285 2737 atti-

249 2785 338 2848 cismi
361 2787 525 2866 exemplis
553 2785 637 2850 idem
660 2785 835 2851 Jerramius
860 2792 966 2850 monet
992 2805 1022 2866 p.
1047 2787 1109 2850 Xll
1133 2805 1178 2867 sq.
1225 2784 1286 2848 Sed

249 2896 392 2977 quamvis
408 2896 576 2978 diligenter
591 2901 700 2960 auctor
716 2896 867 2960 librorum
884 2896 1027 2962 Platonis
1045 2897 1149 2961 studio
1172 2914 1206 2960 se
1229 2897 1286 2958 im-

250 3008 355 3072 buerit
377 3009 505 3092 eiusque
534 3028 596 3072 nnn
620 3006 712 3073 modo
734 3009 767 3071 in
792 3007 925 3086 singulis
948 3007 1207 3087 locutionibus¹),
1230 3007 1285 3070 sed

251 3121 283 3182 in
307 3122 452 3184 universo
469 3120 592 3187 dicendi
607 3138 722 3199 genere
745 3137 779 3183 se
793 3118 943 3199 praebeat
961 3120 1164 3198 imitatorem,
1180 3125 1286 3182 tamen

250 3231 288 3294 de
311 3250 348 3295 en
363 3251 486 3316 quoque
501 3234 595 3311 valet,
619 3230 702 3312 qnod
718 3229 964 3310 nrommsenus2)
989 3231 1027 3294 de
1050 3236 1118 3296 toto
1140 3230 1194 3295 illo
1217 3231 1286 3293 imi-

250 3349 387 3406 tatorum
411 3363 506 3426 grege
529 3343 766 3409 animadvertit:
795 3361 859 3406 non
886 3361 958 3408 raro
981 3344 1125 3407 Platonis
1148 3344 1287 3408 imitato-

251 3456 352 3535 ribus,
391 3474 460 3521 cnm
497 3455 710 3536 cumpluribus
744 3456 876 3520 saeculis
909 3456 1047 3536 peractis
1083 3471 1287 3535 sermoneque

252 3565 371 3631 Graeco
395 3569 558 3647 paullatim
582 3566 667 3630 haud
689 3568 890 3633 mediocriter
912 3571 1080 3633 immutato
1103 3566 1188 3630 illins
1211 3583 1287 3628 usus

252 3676 374 3742 dicendi
404 3680 496 3759 plane
528 3680 574 3742 eis
602 3680 635 3742 in
665 3679 921 3744 consuetudinem
944 3677 1052 3743 venire
1081 3694 1145 3740 non
1170 3680 1287 3757 posset,

340 3865 361 3932 ²)
380 3865 430 3918 vid.
448 3880 530 3932 supra
548 3881 574 3932 p.
595 3865 628 3916 32
646 3863 708 3916 adn.
728 3867 752 3916 3.

341 3949 361 4018 ²)
381 3950 585 4019 Entwiclrelung
603 3949 705 4016 einiger
724 3947 835 4003 Gesetaa
853 3949 898 4003 sur
916 3949 967 4002 dan
987 3945 1128 4002 Gobrauch
1153 3947 1200 4002 dar
1218 3947 1288 4016 gric-

253 4038 378 4092 chisohau
397 4037 609 4107 Prtponitioneq
627 4036 777 4092 Frankfurt
794 4050 819 4090 a.
830 4034 867 4090 ld.
887 4036 954 4090 1874
971 4049 998 4102 p.
1018 4037 1060 4088 ll.
