3124 4870
687 360 722 369 -
771 330 832 390 108
880 361 917 370 ·-

285 497 396 559 oldam
420 493 501 575 (2,1;
520 501 572 573 35,
586 494 630 575 3),
654 497 715 560 etsi
731 498 826 560 etiam
842 498 939 561 Attici
963 498 1022 562 hac
1045 496 1145 563 dorma
1169 517 1324 565 nonnum-

283 625 387 687 quam,
413 606 468 672 sed
490 609 594 672 rarius
618 608 666 672 usi
689 625 759 672 esse
782 609 937 673 videntur.
947 611 972 688 ¹)

372 724 443 799 33,6
476 720 511 800 V,
534 722 588 800 qui
616 722 648 784 in
676 721 736 786 hac
759 721 831 785 libri
859 727 950 802 parte
978 727 1085 788 textus
1113 723 1324 789 constituendi

285 831 527 896 fundamentum
546 837 604 911 est,
627 832 704 896 haec
726 832 871 912 praebet:
898 867 935 876 —
952 825 1014 915 τὴν
1037 828 1155 917 φωνὴν
1179 834 1322 900 εἰδέναι·

285 936 522 1025 ἀκριβέστερον
552 936 616 1026 γὰρ
647 937 690 1007 ἄν
719 966 750 1007 τι
782 940 1024 1026 συνήκαμεν2);
1054 945 1164 1010 eadem
1197 953 1325 1012 exstant

284 1057 316 1120 in
342 1054 376 1118 B
395 1062 426 1119 et
441 1052 521 1135 ΠΒ).
550 1052 578 1118 0
598 1055 724 1120 exhibet
747 1056 838 1119 haec:
861 1048 923 1138 τὴν
946 1049 1065 1139 φωνὴν
1088 1049 1324 1141 ἀκριβεστέραν

285 1171 371 1250 ἔχειν
394 1162 437 1231 ἄν
451 1191 483 1231 τι
500 1163 734 1250 συνήκαμενᾹ)
779 1168 884 1233 Verba
907 1169 1006 1249 igitur
1028 1163 1071 1232 ἄν
1085 1193 1117 1232 τι
1133 1167 1324 1253 συνήκαμεν

284 1281 317 1343 in
340 1281 495 1360 omnibus,
519 1280 572 1362 qui
587 1281 626 1344 de
640 1280 700 1343 hac
713 1298 749 1343 re
762 1281 869 1345 collati
884 1285 967 1360 sunt,
991 1281 1148 1346 codicibus
1165 1283 1323 1362 leguntur.

284 1391 474 1470 DrosihnuS,
504 1393 565 1458 etsi
587 1391 655 1474 ipse
681 1409 805 1473 quoque
832 1393 870 1456 de
895 1390 993 1456 BDO
1013 1393 1171 1473 scriptura
1193 1394 1323 1472 sciebat,

284 1510 389 1569 tamen
413 1503 469 1567 illa
491 1503 587 1568 verba
610 1504 767 1583 glossema
790 1510 885 1585 atque
908 1503 939 1568 id
963 1504 1143 1570 mutilatum
1168 1524 1237 1571 esse
1253 1523 1324 1570 cen-

285 1617 357 1680 suit.
405 1617 453 1680 lta
476 1615 541 1680 fere
564 1617 633 1680 eius
649 1617 807 1681 sententia
822 1617 980 1697 glossator
995 1617 1133 1682 scribere
1157 1618 1322 1682 debuerat:

285 1720 520 1811 ἀκριβέστερον
546 1721 611 1811 γὰρ
634 1722 677 1792 ἄν
695 1751 726 1792 τι
750 1731 907 1811 συνίεμεν
929 1721 969 1793 τὰ
993 1725 1155 1812 λεγόμενά
1178 1753 1258 1794 ποτε
1280 1750 1322 1795 sc.

285 1842 315 1904 εἰ
336 1831 433 1903 αὐτοὶ
455 1834 516 1923 τὴν
545 1834 663 1924 φωνὴν
686 1835 829 1924 ᾔδειμεν.
880 1842 916 1905 In
947 1860 984 1906 eo
1013 1843 1112 1922 igitur
1146 1843 1322 1908 Drosihnus

285 1951 442 2017 offendere
464 1954 596 2033 videtur,
620 1953 704 2035 quod
721 1954 895 2035 imperfecti
911 1957 1069 2037 συνίεμεν
1091 1955 1159 2021 loco
1184 1957 1322 2020 aoristus

285 2061 476 2149 συνήκαμεν
491 2069 614 2148 positus
630 2073 687 2131 est.
726 2068 769 2132 At
784 2068 816 2132 in
833 2067 892 2132 boc
907 2066 1026 2131 nullam
1052 2085 1121 2132 esse
1137 2068 1324 2148 suspicionis

284 2196 411 2242 causam
435 2178 484 2241 vel
515 2197 567 2258 ea,
591 2197 671 2260 quae
703 2197 741 2243 ex
771 2178 913 2243 Platonis
945 2178 1080 2258 dialogis
1110 2179 1324 2258 Kruegerus⁵t

285 2290 411 2368 attulit,
443 2290 586 2371 exempla
609 2292 687 2355 satis
712 2290 883 2356 declarant.
937 2289 1059 2356 Deinde
1091 2290 1173 2371 quod
1202 2291 1257 2356 illa
1283 2284 1324 2355 τὰ

285 2397 447 2484 λεγόμενά
471 2424 550 2467 ποτε
573 2403 690 2468 omissa
713 2408 795 2484 sunt,
820 2403 896 2467 baec
913 2421 975 2467 non
991 2403 1095 2466 minus
1114 2401 1206 2467 facile
1228 2422 1323 2484 quarn

285 2513 499 2579 condicionale
519 2517 716 2580 enuntiatum
740 2516 771 2578 cl
786 2507 924 2599 ᾔδειμεν
948 2533 985 2578 ex
1001 2515 1176 2579 sententiae
1199 2516 1324 2578 ratione

285 2624 480 2706 supplentur.
519 2628 632 2709 ltaque
656 2627 767 2692 codV
790 2628 888 2692 secuti
910 2627 1096 2692 scribemus:
1119 2619 1182 2708 τὴν
1205 2618 1324 2709 φωνὴν

285 2732 674 2823 είδέναι·ἀκριβέστερον
696 2732 760 2822 γὰρ
784 2734 826 2804 ἄν
848 2763 879 2803 τι
903 2734 1103 2823 συννήκαμευ.

372 2851 435 2916 Cur
463 2853 501 2918 de
523 2853 581 2918 hoc
607 2854 676 2918 loco
705 2853 800 2916 verba
827 2852 1015 2931 faceremus,
1047 2853 1079 2916 id
1105 2859 1174 2916 erat
1197 2867 1322 2928 causae,

285 2966 367 3046 quod
395 2967 427 3030 in
456 2966 508 3045 iia,
537 2984 618 3046 quae
646 2966 736 3032 nobis
762 2966 909 3030 videntur
935 2966 967 3030 in
995 2971 1117 3030 textum
1143 2960 1323 3041 recipienda

374 3135 396 3202 1)
415 3135 454 3189 Cf.
468 3134 603 3188 Ruehner.
622 3150 731 3200 gramm.
751 3133 796 3187 Gr.
815 3134 828 3185 I
846 3150 872 3199 p.
887 3136 945 3187 681.
975 3132 1055 3201 Apud
1082 3132 1246 3200 posteriores
1272 3130 1323 3183 hue

285 3223 387 3276 formae
406 3238 459 3276 non
477 3237 539 3275 raro
557 3227 708 3276 occurrunt.
745 3220 788 3272 Ex
807 3219 943 3286 prioribus
964 3226 1072 3287 praeter
1089 3217 1254 3272 Herodotum
1273 3215 1323 3270 soli

286 3308 485 3362 commemorari
512 3314 623 3375 possunt
650 3307 716 3360 Xen.
745 3305 807 3360 Oec.
832 3308 874 3374 20,
903 3308 948 3372 143
976 3305 1035 3375 Lys.
1065 3308 1110 3373 11,
1136 3308 1157 3357 l.
1196 3307 1267 3370 lps.
1286 3302 1322 3369 pl.

287 3393 407 3460 οἴδαμεν
426 3393 483 3461 ipsa
496 3408 602 3461 quoque
615 3392 727 3460 singulis
745 3393 810 3447 locis
822 3391 993 3459 Antiphontis
1008 3395 1041 3459 (2,
1052 3393 1076 3457 3)
1097 3399 1123 3444 et
1135 3387 1322 3457 Xenophontis

286 3479 383 3546 (Anah.
402 3481 432 3547 2,
450 3484 481 3545 4,
499 3480 526 3544 6)
549 3485 575 3533 et
600 3478 716 3532 Platonis
739 3477 834 3544 (Alcib.
857 3478 884 3529 II
905 3480 951 3530 141
962 3484 987 3545 e)
1012 3482 1100 3530 exstat
1118 3474 1253 3530 codicibus
1270 3487 1323 3526 non

208 3621 213 3631 ,
285 3564 518 3620 consentientibus.
561 3559 649 3624 Οἶδας
667 3563 739 3631 apud
757 3563 961 3631 Xenophontem
985 3562 1102 3616 occurrit
1119 3563 1150 3629 4,
1174 3562 1204 3629 6,
1222 3563 1247 3614 6.
1281 3557 1323 3612 De

285 3653 337 3706 hac
355 3652 440 3704 forma
458 3649 492 3703 cf.
512 3649 610 3719 Phryn.
629 3648 670 3703 ed.
689 3649 756 3703 Lob.
774 3666 800 3718 p.
819 3651 915 3717 236sq.

374 3735 395 3805 ²)
415 3734 448 3790 cf.
467 3733 588 3789 Mueller.
607 3734 625 3788 l.
643 3733 661 3789 l.
680 3750 705 3802 p.
724 3736 766 3788 64.

372 3823 395 3891 ³)
415 3821 545 3877 Drosihni
563 3820 623 3876 edit.
644 3836 670 3888 p.
689 3822 731 3874 27.

371 3909 394 3978 ⁴)
413 3908 527 3964 Mueller
545 3925 571 3978 p.
591 3909 634 3962 54.

374 3996 396 4063 ι)
416 3995 538 4066 Sprachl.
557 3995 572 4066 ξ
585 3996 718 4064 54,1o,5;
739 3995 771 4050 de
790 3995 880 4050 eadem
892 4009 923 4048 re
935 3994 967 4048 cl.
981 3992 1130 4060 exemplum
1149 4007 1165 4045 a
1179 3991 1322 4047 Kuahnero

287 4085 314 4137 in
334 4099 443 4153 gramm.
463 4083 556 4138 Graec.
574 4083 602 4138 11
620 4099 647 4150 p.
666 4085 717 4138 974
735 4083 855 4136 allatum.
