3132 4874
615 358 828 419 -17-

204 523 287 603 gari3
311 541 395 590 nunc
417 543 502 607 vero,
525 543 595 592 cum
617 533 759 593 veterum
775 529 950 595 auctoritas
965 531 998 596 in
1014 529 1073 597 hac
1088 549 1122 596 re
1138 551 1240 614 paene

204 636 370 715 nullasu,
403 640 502 704 multo
529 640 633 706 minus
662 641 702 705 ad
732 648 799 707 tarn
822 642 1060 723 improbabilem
1084 645 1240 710 rationem

204 753 254 813 est
283 749 523 815 decurrendum.
569 752 657 816 Alter
680 754 766 818 locus
789 760 839 819 est
863 759 948 834 13,2,
972 754 1025 819 ubi
1049 757 1157 836 iniis,
1187 758 1241 838 qui

204 859 305 926 falsae
317 863 486 929 eruditioni
496 864 634 944 student,
643 872 851 931 numerantur
859 858 1045 948 Ἡδονικοί,
1055 871 1242 949 Περιπατη-

205 976 299 1037 τικοί.
345 975 433 1040 Haec
459 976 615 1042 vocabulo
637 979 810 1043 recentiore
833 979 958 1043 demum
985 985 1094 1046 aetate
1122 981 1155 1045 in
1183 999 1241 1045 usu

205 1085 314 1168 fuisse,
337 1087 422 1154 infra
437 1089 498 1155 erit
513 1091 730 1172 exponendum
747 1109 817 1155 cum
840 1091 879 1155 de
900 1091 1068 1157 verborum
1092 1092 1242 1174 supellec-

205 1200 262 1266 tile
287 1219 426 1281 agemus.
473 1202 542 1268 Hoc
563 1202 632 1268 loco
654 1203 693 1267 de
715 1203 792 1284 ipsis
815 1202 893 1283 illis,
923 1222 1004 1285 quae
1028 1205 1077 1268 bis
1106 1205 1241 1270 nomini-

207 1312 265 1377 bus
287 1313 517 1394 significantur,
539 1314 797 1397 pbilosophorum
813 1317 909 1381 sectis
925 1335 1112 1398 quaeremus
1135 1322 1167 1382 et
1190 1337 1241 1382 ex·

206 1425 410 1507 plorabimus,
431 1446 505 1493 num
523 1425 638 1494 (lebete
654 1429 725 1494 vivo
740 1428 885 1493 conditae
907 1428 1035 1494 fuerint.
1082 1431 1187 1512 Atque
1209 1431 1242 1494 in

208 1538 437 1606 Hedonicorum
470 1543 767 1607 commemoratione
799 1542 859 1607 viri
890 1541 974 1608 docti
1006 1544 1148 1625 plerique
1180 1563 1243 1608 non

207 1650 415 1732 offenderunt,
439 1653 560 1719 scilicet
575 1673 646 1719 cum
661 1655 759 1718 tacite
773 1654 856 1718 idem
872 1663 1045 1736 sumerent,
1068 1656 1151 1737 quod
1166 1656 1243 1736 ipsis

206 1765 311 1831 verbis
327 1766 407 1830 dixit
422 1763 643 1848 Bruckerus¹),
663 1765 722 1832 hoc
741 1768 808 1832 loco
823 1767 1002 1833 Hedonicos
1025 1785 1088 1832 non
1104 1769 1243 1849 Epicuri,

208 1878 264 1942 sed
283 1877 438 1961 Aristippi
461 1885 634 1945 sectatores
658 1879 884 1959 intellegendos
908 1898 987 1944 esse.
1033 1879 1094 1945 Sed
1116 1881 1245 1960 probari

208 1991 346 2056 debebat
376 1992 435 2058 boc
464 2010 577 2056 nomen
609 1992 650 2056 ab
680 1992 866 2074 aequalibus
890 1992 1079 2074 Aristippeis
1108 1992 1244 2056 inditum

208 2124 285 2171 esse.
331 2105 422 2183 Quod
445 2106 526 2170 enim
556 2103 696 2169 Galenus
725 2104 799 2169 bist.
823 2104 898 2184 pbil.
931 2104 1007 2168 XIX
1030 2123 1059 2185 p.
1084 2103 1161 2183 230t
1185 2105 1244 2186 (IV

208 2223 271 2283 425
295 2218 368 2282 edit.
393 2216 505 2299 Basil.)
529 2217 606 2281 dicit
628 2217 782 2298 Aristippi
812 2225 930 2282 sectam
960 2216 1152 2299 appellatam
1176 2235 1245 2281 esse

210 2323 430 2414 Κυρηναϊκήν
453 2322 518 2394 ἀπὸ
541 2332 599 2412 τῆς
620 2324 745 2404 πόλεως
766 2315 805 2412 ἧς
828 2328 952 2404 ἐκεῖνος
978 2339 1139 2411 μετεῖχεν,
1166 2319 1245 2411 ἡδο-

208 2437 308 2526 νικὴν
338 2441 374 2508 δὲ
407 2435 472 2507 ἀπὸ
505 2444 566 2507 τοῦ
595 2437 710 2519 τέλους
732 2444 790 2525 τῆς
810 2434 877 2506 κατ’
905 2432 1010 2505 αὐτὸν
1035 2443 1246 2525 φιλοσοφίας,

208 2563 298 2638 patet
320 2575 416 2638 quam
439 2555 531 2620 facile
559 2554 749 2635 posteriores
778 2560 827 2618 tot
854 2553 989 2618 saeculis
1011 2555 1148 2634 peractis
1171 2554 1246 2635 llpi-

210 2687 372 2734 cureorum
398 2687 509 2732 nomen
541 2667 622 2749 quod
645 2671 694 2731 est
711 2658 888 2730 Ἡδονικοί
908 2667 946 2730 ad
974 2685 1043 2744 coe,
1067 2668 1121 2746 qui
1143 2668 1246 2748 priore

209 2789 352 2863 tempore
374 2781 489 2845 similia
512 2779 701 2858 docuerant,
723 2777 898 2844 transferre
920 2781 1090 2860 potuerint.
1136 2779 1186 2844 Ab
1208 2780 1246 2843 iis

210 2901 328 2974 autem,
350 2895 405 2976 qui
427 2911 489 2958 non
514 2891 743 2957 confunderent
766 2891 962 2972 Aristippeos
978 2890 1153 2971 Epicureis,
1176 2892 1247 2956 illos

211 3008 389 3074 Hedonicos
411 3011 538 3071 vocatos
569 3024 638 3070 esse
664 3004 765 3069 evinci
787 3003 907 3085 nequit.
952 3005 1065 3083 ltaque
1088 3021 1151 3068 non
1174 3003 1248 3068 licet

211 3121 265 3186 illo
280 3119 421 3185 Tabulae
443 3119 511 3183 loco
532 3117 671 3198 cogitare
687 3118 746 3181 nisi
763 3118 802 3181 de
818 3116 990 3198 Epicureis.
1037 3113 1122 3192 Quos
1138 3115 1247 3180 Socra·

212 3234 274 3296 tico
297 3233 408 3297 Gebcti
430 3249 493 3296 non
517 3230 692 3294 innotuisse
716 3229 793 3293 nihil
816 3229 932 3294 attinet
954 3228 1182 3294 demonstrare.

299 3345 346 3409 De
369 3344 422 3409 illo
439 3345 701 3424 Περιπατητικοί
721 3342 905 3422 saepissime
920 3343 1105 3424 variumque
1128 3344 1159 3405 in
1183 3360 1248 3406 mo·

211 3459 285 3524 dum
313 3457 372 3522 viri
400 3457 483 3522 docti
507 3456 747 3539 disputaverunt
769 3473 870 3537 neque
893 3454 975 3519 ullus
998 3454 1140 3520 Tabulae
1162 3455 1249 3520 locus

212 3589 311 3654 aeque
337 3575 386 3636 est
415 3569 567 3650 agitatus.
614 3568 692 3634 Cum
722 3567 805 3634 enirn
829 3567 1009 3633 Aristotelis
1033 3567 1193 3648 discipulis
1216 3568 1248 3630 in

212 3682 340 3749 Cebetis
355 3683 508 3748 Socratici
531 3683 611 3747 libro
634 3686 763 3762 propter
785 3688 959 3762 temporum
976 3681 1132 3745 rationem
1148 3679 1248 3743 locum

213 3815 275 3862 non
301 3815 371 3861 esse
400 3796 469 3860 luce
492 3801 576 3859 essct
598 3794 731 3872 clarius,
763 3798 819 3856 aut
850 3792 983 3857 delendo
1007 3791 1064 3856 boc
1087 3790 1248 3868 vocabulo,

212 3915 269 3974 aut
291 3926 373 3973 nova
396 3908 531 3988 quadam
555 3905 817 3986 interpretatione
837 3903 1016 3969 adhibenda
1031 3899 1248 3967 difficultatem

302 4147 326 4216 ι)
346 4149 406 4204 blot.
424 4148 522 4216 pbilos.
541 4148 551 4199 l
570 4164 597 4215 p.
616 4149 667 4201 578
686 4161 724 4212 sq.

1017 4237 1034 4300 2
