3132 4874
707 286 922 346 ..56-

298 453 422 519 nastica
444 458 476 519 et
497 453 647 534 graphica
670 454 795 520 omissis
818 460 927 520 aetate
950 456 1162 523 Alexandrina
1185 457 1239 522 illa
1261 462 1334 521 tan·

297 583 391 650 quam
422 584 530 632 norma
559 566 682 631 exstitit
710 567 909 648 eruditionis,
940 587 1003 651 qua
1026 575 1144 650 septem
1169 569 1217 633 his
1241 569 1334 633 disci·

297 678 393 761 plinis
427 696 506 759 puer
537 682 607 742 erat
638 679 868 745 instituendus:
907 682 1129 762 grammatica,
1165 681 1332 759 rhetorica,

301 791 483 870 dialectica,
512 791 645 870 musica,
676 789 890 870 arithmetica,
919 793 1106 874 geometria,
1130 792 1332 857 astronomia.

298 905 378 968 Tum
408 903 533 968 demum
562 902 650 967 illum
682 902 792 968 orbem
821 901 996 968 coniectum
1031 906 1186 986 certisque
1219 903 1334 969 finibus

299 1017 478 1081 universam
500 1032 668 1097 puerorum
683 1015 899 1081 ¹eruditionem
916 1017 1186 1098 circumscriptam
1201 1035 1270 1082 esse
1284 1016 1335 1081 vel

299 1145 337 1193 aa
360 1145 394 1192 ra
416 1127 552 1209 quadam
576 1132 708 1193 ornatur
729 1127 795 1190 veri
818 1127 1032 1208 similitudine,
1056 1129 1138 1211 quod
1163 1147 1225 1194 non
1247 1130 1335 1210 prius

298 1257 361 1304 uno
377 1239 502 1304 nomine
525 1274 567 1285 -
590 1234 761 1321 ἐγκύκλιος
782 1240 914 1303 παιδεία
936 1273 978 1284 -
1002 1258 1055 1306 eas
1072 1248 1168 1321 artes,
1191 1260 1273 1323 quae
1295 1242 1336 1308 ad

299 1352 527 1416 humanitatem
558 1352 733 1432 pertinent,
769 1352 1057 1431 complectebantur
1066 1352 1100 1433 ¹).
1155 1355 1198 1419 lis
1230 1359 1337 1436 antem

299 1465 390 1544 locis,
418 1464 472 1546 qui
500 1468 575 1529 sunt
603 1463 693 1544 Diog.
723 1465 828 1530 Laert.
857 1465 890 1528 ΙΙ
908 1468 963 1543 79,
990 1465 1035 1530 Vl
1057 1471 1114 1530 103
1139 1484 1335 1548 nequaquam

300 1574 437 1641 officitur
466 1575 525 1657 ipsi
555 1575 718 1659 Aristippo
752 1582 808 1642 aut
836 1576 962 1660 Cynicis
996 1577 1224 1658 antiquissimis
1258 1577 1335 1642 illud

301 1705 414 1754 noman
437 1687 469 1751 in
492 1705 551 1751 usu
574 1687 679 1753 luisse.

387 1799 502 1865 Pobtas
524 1800 608 1882 quod
630 1800 753 1864 addidit
775 1805 884 1866 auctor
908 1806 1027 1882 septem
1050 1802 1176 1866 illarum
1200 1801 1338 1883 discipli·

301 1931 413 1977 narum
446 1912 611 1992 studiosiS,
640 1912 774 1980 mireris.
819 1913 899 1978 Nam
926 1913 987 1978 elsi
1015 1931 1169 1978 summum
1198 1915 1337 1980 studium

301 2025 332 2091 in
367 2031 532 2108 po'etarum
566 2025 759 2093 carminibus
796 2027 936 2106 legendis
974 2031 1006 2092 et
1040 2027 1217 2092 ediscendis
1254 2027 1338 2109 apud

301 2138 439 2204 Graecos
452 2157 632 2204 consumere
645 2137 788 2204 solebant
803 2138 1026 2216 adolescentes,
1043 2144 1150 2205 tamen
1164 2140 1339 2206 carminum

301 2251 462 2332 tractatio,
487 2269 556 2316 cum
579 2251 787 2330 grammatica
810 2251 859 2316 vel
882 2250 992 2316 critica
1014 2255 1083 2315 arte
1098 2251 1342 2334 comprehende-

302 2369 400 2444 retur,
424 2363 599 2444 disciplinis
615 2362 677 2428 illis
697 2379 759 2425 non
780 2366 829 2427 est
844 2362 998 2427 adiuncta.
1034 2364 1151 2428 Tamen
1168 2383 1236 2428 cum
1252 2365 1341 2429 nulla

303 2474 346 2540 sit
370 2492 477 2555 causa,
512 2491 568 2539 cur
598 2473 657 2538 boc
685 2473 870 2538 vocabulum
901 2478 1039 2557 ποιηταί
1067 2476 1099 2540 in
1130 2476 1340 2556 suspicionem

303 2591 446 2664 vocetur,
478 2586 511 2648 in
534 2602 570 2649 eo
594 2584 852 2666 acquiescendum
876 2587 1035 2668 existimo,
1066 2587 1149 2670 quod
1175 2591 1341 2668 poetarum

305 2697 442 2762 studium
482 2697 700 2777 gravissimam
739 2697 925 2764 eruditionis
963 2706 1085 2780 partem
1124 2700 1235 2765 Graeci
1273 2716 1342 2765 esse

303 2811 470 2875 voluerunt
503 2826 604 2890 neque
637 2808 752 2875 desunt
784 2811 860 2890 loci,
895 2811 1007 2891 quibus
1036 2815 1149 2894 potitae
1179 2831 1242 2878 una
1270 2830 1342 2877 oum

303 2921 483 2988 rhetoribus
507 2921 615 2987 aliisve
630 2940 761 3004 eorum,
786 2922 897 3004 quibus
922 2925 1043 2989 animos
1065 2924 1247 2990 excolendos
1266 2925 1342 2989 adu·

302 3037 458 3101 lescentos
492 3034 677 3115 tradebant,
713 3041 1010 3115 commemorantum
1047 3035 1085 3101 ci.
1124 3035 1233 3119 Synea
1266 3036 1341 3101 Dio:

308 3145 434 3212 Gratias
459 3165 518 3227 ago
543 3147 657 3227 poetis,
680 3146 869 3225 rhetoribus,
893 3147 1067 3226 historicis;
1099 3147 1236 3212 Basilius
1259 3147 1343 3213 bom.

304 3268 456 3342 ποιηταῖς
472 3255 527 3323 καὶ
542 3263 733 3342 λογοποιοϊς
747 3255 803 3322 καὶ
818 3253 974 3343 ῥήτορσι.
990 3310 996 3325 .
1011 3308 1018 3323 .
1035 3250 1219 3342 ὁμιλητέον.
1244 3258 1342 3324 Marc.

306 3372 382 3436 Aur.
406 3373 490 3436 117:
514 3365 551 3436 τὸ
575 3364 618 3456 μὴ
648 3367 701 3435 ἐπὶ
723 3368 825 3436 πλέον
855 3366 1023 3453 προκόψαι
1055 3368 1091 3434 ἐκ
1108 3368 1266 3454 ῥητορικῇ
1288 3366 1343 3433 καὶ

305 3485 459 3569 ποιητικῇ
490 3480 545 3549 καὶ
577 3494 646 3560 τοϊς
682 3476 795 3560 ἄλλοις
827 3477 1096 3568 ἐπιτηδεύμασιν.
1108 3479 1133 3563 ²)
1192 3481 1345 3566 Didymus

395 3639 415 3707 ¹)
435 3638 473 3692 cf.
486 3653 532 3694 eos
542 3637 627 3704 locos,
645 3653 711 3706 quos
723 3638 855 3703 congessit
865 3637 972 3692 Wower
983 3637 1015 3690 de
1027 3636 1193 3705 polymathia
1211 3652 1237 3703 p.
1249 3637 1345 3704 avesq.

396 3723 416 3795 Β)
435 3727 532 3782 Poetae
549 3731 580 3780 ut
597 3725 706 3780 adderet
724 3725 813 3779 nescio
831 3741 865 3778 an
884 3725 967 3778 Cebes
986 3728 1132 3777 commotus
1156 3723 1190 3777 sit
1211 3738 1242 3776 aa
1260 3723 1346 3790 parti·

306 3812 393 3882 tione,
420 3828 500 3882 quam
518 3812 600 3868 Stoici
618 3811 771 3879 disciplinae
790 3825 853 3864 suae
871 3810 1059 3874 admoverunt3
1085 3808 1132 3875 qui
1151 3808 1264 3874 logicam
1282 3808 1346 3862 divi·

308 3906 401 3953 serunt
413 3901 440 3953 in
453 3900 614 3954 rhetoricam
627 3905 655 3952 et
667 3896 846 3962 dialecticam
861 3895 1016 3949 dialecticae
1030 3901 1118 3948 autom
1131 3911 1190 3948 cum
1204 3895 1272 3950 alias
1283 3909 1346 3962 par·

308 3989 348 4038 tes
366 3999 422 4039 esse
440 3985 589 4052 voluerunt,
607 3991 664 4039 tum
681 3980 746 4052 περὶ
763 3975 940 4051 ποιημάτων,
958 3977 1023 4048 περὶ
1041 3982 1186 4049 μουσικῆς,
1205 3980 1238 4034 cf.
1268 3980 1346 4047 Diog.

307 4069 396 4124 Laert.
415 4069 529 4125 v1144.
573 4070 739 4126 Xenocrates
766 4084 800 4124 ex
825 4068 993 4123 adulescente
1015 4066 1223 4137 philosophandi
1248 4065 1347 4136 cupido
