3132 4874
617 327 833 390 *65*

207 494 318 576 quibus
340 496 513 576 invenitur,
544 495 758 578 metaphorice
787 514 857 562 esse
879 495 1067 562 adhibitum.
1113 495 1244 577 Proprie

208 607 288 671 enim
310 607 388 673 haec
404 627 465 675 vox
479 607 637 690 significat
653 628 715 674 non
732 627 871 676 errorem
887 609 992 674 animo
1015 608 1243 688 inhaerentem,

207 735 266 798 quo
297 721 414 799 singuli
446 739 568 786 errores
591 720 771 787 efficiuntur
795 720 1027 804 (,snbjektiver
1051 717 1242 801 lrrthnm“),

207 830 260 894 sed
282 849 353 895 emn
370 849 518 912 errorem,
542 851 635 913 quem
650 852 708 898 nos
724 835 833 914 lingna
853 833 1021 899 vernacula
1036 833 1169 898 dicimus
1192 830 1243 896 die

207 942 349 1024 lrrlahrt,
365 943 1072 1026 dasUmherirren(,objektiver1r1thum“),
1089 958 1243 1024 quemque

207 1054 309 1120 Latini
330 1057 483 1122 vocabulo
511 1058 614 1122 rarius
637 1057 777 1123 adhibito
805 1058 1013 1123 nominabant
1042 1056 1241 1122 errationem.

209 1166 298 1232 Illam
321 1175 426 1233 autem
441 1171 505 1234 vim
529 1171 561 1234 in
578 1169 697 1235 Tabula
717 1170 868 1235 vocabulo
891 1165 1017 1245 πλάνος
1039 1169 1181 1247 subesse,
1205 1184 1243 1230 ea

207 1298 327 1362 qnoque
350 1299 384 1344 re
407 1281 594 1362 ostenditur,
617 1283 701 1363 quod
724 1301 795 1347 cnm
818 1282 872 1346 illo
895 1275 1015 1362 άννοια
1039 1279 1243 1358 coniungitur

208 1397 273 1472 5‚3;
303 1397 370 1473 6‚3;
402 1399 483 1473 libb.
530 1394 659 1458 Accedit
681 1393 764 1475 quod
786 1398 916 1474 propter
942 1387 1072 1457 πλάνον
1100 1390 1244 1456 homines

205 1502 350 1570 dicuntur
378 1524 486 1570 errare
508 1511 582 1585 25,2
612 1512 645 1569 et
674 1504 758 1587 quod
779 1499 910 1569 πλάνον
932 1506 1041 1570 bibere
1065 1505 1244 1586 linguntur3

206 1623 450 1682 consentaneum
474 1620 557 1682 enim
582 1625 630 1706 est
653 1636 708 1682 eos
723 1636 785 1684 non
802 1617 903 1700 ipsam
919 1619 1110 1684 errationem
1125 1618 1244 1697 bibere,

206 1728 259 1793 sed
293 1747 446 1811 errorem,
476 1747 538 1811 qno
573 1731 674 1795 oritur
708 1731 834 1797 erratio.
879 1730 969 1795 Adde
1001 1730 1086 1811 quod
1118 1725 1246 1807 πλάνος

206 1839 306 1905 bestia
327 1842 443 1907 dicitur
464 1841 583 1906 homini
606 1859 722 1908 nocens
738 1842 852 1925 (23,l),
867 1843 899 1908 id
922 1841 1006 1926 quod
1029 1843 1069 1906 ad
1092 1860 1244 1923 errorem,

207 1970 269 2017 non
286 1954 327 2023 ad
343 1954 534 2020 errationem
552 1957 708 2021 convenit.
746 1955 816 2021 Hac
833 1974 909 2023 vero
926 1954 1159 2034 significatione
1174 1971 1244 2018 cum

204 2063 305 2131 forma
327 2061 436 2147 πλάνη
461 2067 544 2148 apud
560 2065 726 2134 Platonem
741 2069 922 2135 inveniatur
944 2067 1088 2134 adhibita
1104 2065 1244 2147 (Phaedo

204 2182 285 2256 dla,
313 2197 378 2260 rep.
402 2179 569 2259 v15osc;
596 2180 626 2242 X
649 2181 763 2260 6020),
794 2181 1001 2246 masculinum
1025 2174 1152 2254 πλάνος
1179 2196 1243 2241 non

203 2291 331 2356 obvenit
352 2292 415 2356 nisi
438 2293 471 2356 in
495 2291 648 2357 Oenomai
672 2292 850 2374 fragmento
874 2293 963 2357 Mnll.
987 2294 1020 2358 Il
1042 2311 1072 2373 p.
1099 2297 1170 2356 379.

292 2403 387 2468 Aliud
410 2405 506 2469 eliam
529 2410 588 2484 est,
611 2425 673 2487 quo
688 2405 830 2471 homines
848 2406 1033 2486 prinsquam
1049 2403 1090 2468 ad
1108 2403 1242 2468 virtutes

205 2517 401 2597 perveniant,
417 2517 545 2582 liberari
560 2523 697 2599 oportet,
713 2519 887 2600 opiniones.
925 2517 1079 2583 Diversae
1095 2518 1133 2582 de
1148 2532 1243 2580 voca·

202 2627 270 2693 buli
294 2623 388 2704 ὃόξοιι
416 2629 449 2692 in
473 2628 595 2693 Tabula
618 2649 677 2696 usu
707 2650 726 2695 a
759 2631 836 2694 viris
866 2630 967 2696 doctis
993 2629 1138 2710 prolatae
1167 2631 1246 2691 sunt

203 2743 391 2806 sententiae.
436 2741 624 2806 Meinersius
652 2741 777 2820 (comm.
806 2759 867 2807 soc.
899 2740 986 2806 Gott.
1018 2742 1114 2821 1782)
1141 2757 1179 2804 ea
1208 2757 1244 2804 re

203 2854 270 2918 vult
302 2854 403 2919 evinci
436 2873 455 2918 a
479 2852 584 2919 Stoico
612 2856 749 2934 quodam
779 2853 966 2936 philosopho
994 2853 1078 2917 hune
1100 2850 1243 2917 libellum

203 2966 410 3048 compositum
441 2983 525 3045 esse,
558 2965 641 3048 quod
671 2966 823 3032 vocabulo
852 2959 948 3042 δόξαν
977 2964 1076 3030 falsae
1110 2966 1242 3046 quaevis

203 3078 365 3158 opiniones
391 3077 610 3159 designentnr;
638 3074 738 3155 δόξας
760 3079 845 3144 enim
868 3077 935 3144 sive
957 3077 1054 3142 falsas
1077 3075 1240 3157 opiniones

203 3208 224 3252 a
244 3189 379 3256 Zenonis
402 3189 523 3254 familia
546 3193 684 3256 omnium
700 3192 851 3257 vitiorum
873 3196 992 3256 matres
1008 3187 1132 3254 habitas
1155 3177 1240 3267 esse';

202 3299 581 3383 quamsignificationem
603 3303 677 3370 hnic
693 3302 844 3368 vocabulo
860 3319 962 3385 neque
977 3300 1060 3383 apud
1076 3300 1239 3367 Platonem

202 3431 303 3495 neque
333 3415 416 3497 apud
446 3415 543 3480 alium
572 3435 761 3498 quemqnam
790 3415 984 3482 Socraticum
1012 3413 1150 3480 subesse.
1197 3415 1239 3480 At

202 3533 312 3592 contra
326 3527 347 3592 J
349 3528 501 3592 erramius
517 3529 680 3594 contendit
695 3529 734 3593 de
749 3529 897 3608 opinione
912 3533 946 3593 et
967 3527 1099 3593 scientia
1113 3524 1238 3592 Pinacis

203 3645 363 3706 auctorem
379 3640 472 3722 plane
489 3641 655 3706 convenire
670 3659 740 3706 cnm
757 3639 886 3706 Socrate
902 3638 1014 3722 (praei.
1028 3657 1059 3720 p.
1075 3636 1236 3718 XXXIV).

200 3750 395 3816 Platonicam
419 3750 478 3816 hac
500 3751 538 3816 de
560 3771 595 3817 re
618 3753 790 3819 doctrinam
807 3752 916 3819 Cebeti
938 3752 1093 3834 placuisse
1115 3749 1239 3814 censuit

201 3861 417 3945 Casaubonus,
441 3866 494 3945 qui
516 3864 594 3929 haec
609 3865 647 3930 de
663 3865 789 3930 Cebetis
812 3863 1026 3946 opinionibus:
1052 3861 1116 3940 ,Ex
1133 3867 1237 3927 mente

201 3974 343 4040 Platonis
359 3976 485 4058 optime,
509 3979 559 4042 eui
582 3979 683 4042 omnis
703 3971 784 4052 δόξα
805 3976 948 4058 quamvis
964 3975 1103 4056 alioquin
1118 3974 1238 4054 optima

200 4095 233 4152 et
255 4089 431 4168 verissima,
460 4089 559 4154 donec
579 4088 620 4154 ad
646 4081 830 4172 ἐπιστήμην
851 4085 1057 4170 perducatur,
1084 4101 1136 4152 res
1158 4085 1237 4152 levis

1000 4197 1019 4256 ll
