3132 4874
703 323 988 418 -12--Ἰ

294 489 347 554 tiri
371 488 500 570 Wolfio,
527 491 689 569 Fabricio,
719 489 921 571 casaubono,
949 492 1002 571 qui
1025 489 1142 556 Suidae
1170 496 1332 557 auctorem

293 602 436 668 Platonis
466 603 534 669 loco
571 603 609 668 de
640 622 706 683 rep.
739 603 767 666 Χ
802 622 831 684 p.
863 607 926 667 614
955 621 1017 684 sq.,
1056 603 1224 668 adductum
1263 622 1333 670 esse

293 716 487 795 existimant,
525 721 562 780 ut
592 716 668 781 talia
701 716 796 780 etiam
828 714 937 780 Cebeti
974 720 1179 797 supponeret,
1213 715 1334 783 scilicet

294 842 364 890 cum
380 826 482 890 obiter
504 831 535 891 et
558 828 715 892 incuriose
735 826 888 892 Tabulam
911 828 1049 908 legisset.
1089 827 1224 893 Facilius
1247 829 1332 893 enim

293 955 498 1017 commoveor,
523 943 559 1001 ut
581 957 662 1018 eum,
686 957 748 1020 quo
764 938 875 1004 Suidas
899 946 1029 1004 auctore
1045 956 1120 1004 usus
1141 943 1201 1017 est,
1226 957 1333 1004 errore

295 1054 424 1129 captum
443 1068 514 1115 esse
536 1051 673 1129 credam,
696 1069 790 1131 quam
807 1056 842 1115 ut
859 1051 944 1115 aliud
968 1051 995 1116 ei
1019 1053 1051 1115 in
1075 1051 1220 1142 manibus
1235 1049 1333 1115 luisse

294 1165 404 1242 putem
429 1159 555 1226 (lebetis
579 1179 657 1241 opus
680 1167 807 1242 praeter
829 1182 880 1240 ea,
904 1181 984 1244 quae
1007 1163 1164 1243 Diogenes
1186 1163 1332 1227 Laertius

275 1267 475 1337 enumerat.¹
516 1273 553 1337 ld
580 1278 666 1338 certe
693 1293 731 1338 ex
759 1274 813 1340 illo
836 1275 950 1341 Suidae
977 1276 1045 1340 loco
1068 1293 1131 1340 uon
1154 1293 1250 1340 ausus
1273 1275 1331 1338 sim

297 1383 454 1464 colligere,
479 1384 518 1448 de
540 1386 603 1449 alia
619 1391 714 1467 atque
729 1404 787 1450 nos
810 1387 902 1452 hodie
924 1389 1058 1468 legimus
1080 1386 1180 1451 illium
1206 1385 1333 1451 Cebetis

294 1495 415 1560 Tabula
439 1496 606 1576 cogitasse.

382 1606 428 1670 De
451 1607 610 1672 codicibus
634 1611 660 1675 si
681 1611 874 1693 quaerimus,
897 1612 1035 1692 optimus
1058 1610 1155 1676 codex
1170 1610 1334 1675 Parisinus

295 1720 327 1782 A·
346 1718 552 1798 inscriptione
575 1727 671 1786 earet.
718 1722 765 1786 De
788 1723 902 1787 ceteris
926 1740 1007 1787 unus
1031 1723 1069 1802 Ο,
1092 1723 1146 1804 qui
1168 1723 1334 1788 deterioris

294 1830 418 1911 generis
435 1837 492 1910 est,
509 1833 642 1912 praebet
658 1831 807 1915 Κέβητος
821 1833 919 1911 πίναξ
937 1836 1089 1917 Θηβαίου
1097 1832 1134 1915 ¹).
1169 1835 1334 1900 Editiones

296 1943 442 2025 princeps
466 1949 498 2008 et
515 1943 631 2009 Aldina
653 1945 731 2010 illud
748 1947 899 2027 Θηβαίου
922 1965 984 2010 uon
1009 1943 1199 2027 exhibend).
1237 1948 1335 2012 Recte

294 2057 393 2137 igitur
410 2055 586 2121 Drosihnus
609 2056 668 2122 hoc
683 2057 933 2122 additamentum
958 2059 1073 2123 nullius
1092 2061 1243 2125 momenti
1265 2078 1334 2125 esse

297 2169 469 2234 contendit.
515 2169 585 2234 Non
608 2169 679 2250 plus
703 2170 761 2234 hac
784 2171 817 2233 in
834 2188 869 2233 rc
892 2170 998 2235 tribuo
1022 2171 1156 2235 versioni
1180 2172 1335 2237 Arabicae

294 2281 438 2362 quamvis
469 2299 506 2344 ex
540 2281 744 2362 integerrimo
778 2278 982 2362 exemplari³)
1017 2282 1132 2348 factae:
1165 2283 1252 2348 cuius
1287 2283 1334 2346 in·

297 2392 426 2472 scriptio
451 2392 528 2456 haec
551 2391 647 2474 estol:
679 2393 853 2474 ,Aenigma
877 2393 1015 2474 Cebetis,
1044 2395 1135 2458 amici
1159 2394 1333 2459 Platonis“.

295 2502 362 2568 Hoc
390 2505 472 2567 enirn
503 2504 542 2568 de
569 2523 625 2570 suo
652 2506 807 2587 interpres
833 2507 983 2571 Arabicus
1006 2506 1132 2571 videtur
1160 2507 1333 2583 addidisse3

294 2615 348 2695 qui
375 2616 458 2681 idem
488 2618 520 2681 in
548 2615 610 2682 fine
632 2620 793 2699 apposuit:
827 2618 983 2699 ,Explicit
1010 2617 1163 2698 expositio
1187 2618 1334 2683 Herculis

295 2725 336 2789 ad
358 2724 507 2794 Cebetem
530 2728 758 2794 Platonicum.“

381 2837 453 2903 Jam
477 2838 638 2906 videamus
661 2842 737 2924 quid
764 2861 803 2906 ex
825 2843 1026 2921 antiquorum
1049 2841 1239 2906 testimoniis
1268 2840 1334 2905 effi-

300 2950 410 3015 ciatur.
458 2953 560 3035 Atque
584 2953 760 3019 Drosihnus
784 2955 849 3035 (die
872 2954 942 3017 Zeit
964 2952 1020 3017 des
1037 2953 1135 3016 Pinax
1158 2971 1188 3034 p.
1209 2955 1242 3033 5)
1266 2954 1334 3018 vult

297 3060 370 3126 inde
394 3081 413 3126 a
437 3065 541 3129 medio
564 3067 703 3132 secundo
724 3084 755 3146 p.
773 3064 846 3130 Chr.
869 3083 899 3129 u.
924 3065 1049 3130 saeculo
1065 3064 1218 3129 Tabulam
1240 3065 1334 3148 vulgo

294 3171 455 3240 Socratico
484 3175 594 3241 (lebeti
624 3178 816 3259 adscriptam
846 3195 924 3242 esse.
970 3178 1006 3242 ld
1039 3177 1122 3261 quod
1152 3197 1253 3260 neque
1283 3181 1333 3260 iis,

295 3304 377 3367 quae
400 3304 497 3369 supra
520 3289 672 3370 congessi,
697 3289 901 3371 testimoniis,
926 3308 1027 3371 neque
1050 3308 1130 3355 novo
1153 3291 1220 3373 illo,
1250 3292 1333 3374 quod

381 3527 406 3596 ¹)
425 3528 459 3582 of.
479 3528 507 3583 0.
527 3529 555 3584 O.
573 3529 688 3588 Mueller
716 3530 747 3586 de
768 3536 828 3586 arte
852 3531 944 3585 critica
969 3530 1074 3587 Cebetis
1096 3531 1164 3586 Tab.
1181 3531 1333 3587 adhibenda

293 3632 319 3685 p.
338 3617 380 3671 28.

382 3709 407 3780 2)
425 3711 540 3766 Mueller
558 3728 583 3781 p.
602 3713 644 3769 69.
676 3713 768 3783 Neque
787 3728 827 3780 ea,
845 3715 1013 3783 quamvulgo
1024 3715 1175 3769 existimant
1192 3713 1334 3768 editionem

294 3798 449 3867 principem,
468 3813 553 3869 neque
570 3814 650 3868 quam
662 3800 796 3856 Bruuetus
809 3801 866 3855 vult
883 3801 1031 3871 principem
1049 3800 1139 3868 fuisse,
1157 3800 1259 3855 addunt
1270 3801 1335 3856 illud

296 3885 436 3954 Θηβαίου.

382 3988 407 4056 ³)
428 3988 542 4045 Mueller
559 4008 586 4060 p.
606 3991 649 4047 79.

381 4090 406 4163 ⁴)
426 4095 569 4151 secundum
588 4096 834 4184 interpretationem
851 4095 1107 4154 Elichmanniauam.
