3124 4870
735 366 864 429 ...82
908 397 949 410 ..-

321 565 357 607 τε
381 533 453 607 ὅντι
473 537 528 606 καὶ
544 533 606 624 τὴν
623 529 742 624 ὁμοίαν
758 533 863 622 φύσιν
878 539 987 620 ἔχοντι
1002 538 1048 624 τῷ
1064 525 1124 600 τὸν
1140 529 1221 600 ὅλον
1234 529 1363 617 κόσμον

257 697 263 712 ·
323 655 518 718 διοικοῦντι.

411 763 499 831 Haec
529 765 641 846 habui,
672 765 710 828 de
736 762 992 845 philosophorum
1022 759 1148 842 placitis
1178 760 1212 822 in
1244 759 1364 824 Tabula

323 877 474 958 expositis
497 896 577 960 quae
599 859 745 942 dicerem.
791 877 909 956 Atque,
940 880 976 939 ut
1009 874 1113 939 omnia
1135 875 1199 938 iam
1222 890 1364 951 compre-

324 989 469 1070 hendam,
493 989 532 1053 de
555 991 691 1055 auctoris
715 993 801 1053 secta
825 994 857 1052 et
879 993 984 1052 aetate
1005 987 1083 1051 haec
1097 987 1244 1052 ridentur
1260 990 1363 1050 statu-

324 1102 404 1165 enda
426 1118 510 1166 esse:
544 1101 726 1166 Sententiae
750 1099 788 1163 de
809 1099 1008 1180 philosophia
1030 1099 1064 1162 in
1091 1097 1216 1162 Cebetis
1240 1096 1362 1162 Tabula

323 1213 466 1292 prolatae
496 1231 559 1276 non
589 1213 780 1278 conveniunt
811 1229 881 1275 cum
904 1209 1047 1290 Socrate,
1078 1211 1133 1276 sed
1156 1229 1225 1274 curn
1249 1208 1364 1273 Stoicis

324 1325 425 1406 iisque
456 1325 639 1390 recentioris
669 1325 784 1388 aetatis
811 1322 1022 1404 philosophis,
1055 1341 1188 1404 quorum
1211 1339 1307 1403 opera
1330 1322 1364 1385 in

324 1437 437 1502 morali
459 1435 677 1517 philosophiae
699 1440 790 1514 parte
805 1434 999 1499 versabatur.
1046 1435 1083 1499 In
1106 1435 1146 1498 iis
1169 1439 1284 1514 autem,
1308 1434 1364 1514 qui

328 1549 478 1629 proximis
501 1553 576 1612 ante
600 1546 672 1612 our.
690 1566 720 1611 n.
744 1551 869 1627 etpost
892 1546 1025 1612 saeculis
1041 1545 1179 1624 fuerunt,
1203 1552 1364 1610 auctorem

326 1658 554 1725 numerandum
571 1676 650 1738 esse,
674 1677 710 1724 eo
724 1658 890 1737 evincitur,
914 1659 997 1738 quod
1011 1658 1044 1722 id
1058 1657 1257 1738 potissimum
1272 1663 1366 1738 putat

326 1772 515 1836 monendum
531 1789 610 1850 esse,
632 1789 739 1835 veram
755 1770 964 1836 eruditionem
979 1788 1043 1834 non
1057 1769 1233 1835 liberalium
1249 1770 1364 1835 artium

327 1884 469 1963 scientia,
485 1882 541 1946 sed
556 1901 678 1946 morum
694 1884 888 1948 correctione
899 1882 1054 1946 contineri
1067 1881 1211 1962 quodque
1224 1882 1365 1946 moribus

329 1995 531 2060 emendandis
554 1994 645 2059 unice
663 1994 806 2060 intentus
822 1994 972 2058 abhorret
988 1994 1028 2058 ab
1044 1999 1190 2059 accurate
1206 1999 1366 2060 exstructa

327 2106 503 2186 disciplina.
547 2105 667 2170 Eodem
689 2107 837 2188 pertinet,
861 2105 944 2188 quod
966 2105 1007 2169 ud
1029 2105 1193 2170 Platonem
1214 2111 1367 2187 provocat

329 2217 590 2297 Parmenidisque
602 2222 634 2282 et
644 2217 842 2299 Pythagorae
856 2218 1013 2283 rationem
1022 2217 1148 2281 vivendi
1162 2218 1321 2285 collaudat
1328 2218 1364 2302 ¹).

330 2330 528 2396 Conveniunt
555 2330 588 2394 in
611 2347 697 2410 eum,
726 2348 806 2411 quae
828 2328 936 2395 Cicero
960 2329 998 2394 de
1020 2327 1073 2394 fin.
1097 2329 1142 2394 IV
1168 2335 1223 2410 28,
1248 2337 1303 2413 79,
1328 2332 1366 2397 de

326 2441 378 2509 off.
403 2441 491 2508 1135
516 2443 555 2508 de
576 2441 817 2523 philosophandi
845 2447 877 2505 et
899 2442 1056 2508 scribendi
1084 2461 1200 2523 genere
1222 2443 1366 2509 Panaetii

328 2555 467 2637 exponit,
485 2555 539 2634 qui
550 2571 647 2634 aeque
657 2571 694 2617 ac
708 2553 896 2618 Posidonius
909 2555 1032 2619 doctam
1048 2555 1203 2619 scribendi
1212 2556 1367 2620 rationem

328 2688 347 2732 a
376 2685 410 2732 se
439 2667 549 2731 reiecit
577 2683 718 2747 quaeque
749 2666 838 2730 libris
873 2666 1061 2748 illustravit,
1096 2669 1135 2732 ad
1169 2686 1366 2734 communem

331 2779 580 2860 intellegentiam
602 2775 891 2856 accommodavit.²)

411 2891 499 2968 Quae
529 2891 634 2955 omnia
663 2909 712 2954 me
741 2889 918 2969 adducunt,
950 2897 985 2955 ut
1007 2891 1161 2974 chlero⁸)
1190 2893 1364 2973 adsentiar,

328 3003 418 3069 cuius
440 3003 537 3068 verba
559 3002 636 3066 haec
658 3006 747 3066 sunt:
791 3003 829 3066 In
852 3001 921 3066 dem
945 3005 1052 3069 lnhalt
1074 3004 1129 3068 der
1152 3005 1268 3070 schrift
1289 3008 1368 3071 l'dsst

330 3116 398 3180 sich
421 3121 504 3180 trotz
527 3114 582 3178 der
604 3113 841 3194 Farblosigkeit
862 3117 917 3181 des
934 3114 1062 3180 Ganzen
1087 3118 1142 3181 der
1165 3116 1368 3198 Standpunkt

330 3227 417 3291 einer
427 3230 574 3309 sptitercn
586 3225 656 3289 Zeit
669 3225 703 3288 in
718 3224 773 3289 der
788 3227 946 3292 stoischen
962 3227 1063 3293 Moral
1079 3230 1143 3294 und
1157 3229 1213 3293 der
1224 3230 1368 3294 Polemik

328 3356 429 3419 gegen
453 3337 503 3400 die
526 3335 643 3401 falsche
666 3336 805 3418 Bildung
826 3338 914 3405 nicht
936 3340 1128 3404 verkennen.
1178 3341 1224 3406 De
1248 3341 1369 3407 Tabula

329 3449 435 3514 valent
464 3465 544 3528 quae
567 3447 723 3524 Marthal)
751 3449 828 3514 dicit
854 3451 892 3514 de
915 3456 982 3516 toto
1005 3452 1091 3516 illius
1115 3454 1229 3518 aetatis
1253 3471 1368 3534 genere

329 3559 585 3640 philosophandi:
609 3559 655 3623 La
669 3560 867 3641 philosophie
887 3563 991 3643 aspire
1007 3562 1026 3627 d
1042 3563 1170 3628 devenir
1191 3566 1367 3646 populaire,

419 3712 438 3779 ¹)
458 3711 541 3765 Recte
559 3711 710 3766 Drosihnus
733 3728 760 3779 p.
777 3713 794 3764 4
819 3720 921 3781 monet,
948 3714 969 3767 si
996 3713 1124 3769 Socratici
1143 3715 1247 3770 cebetis
1266 3716 1370 3770 Tabula

328 3806 397 3852 esset
425 3797 617 3866 existimanda,
646 3799 742 3852 mirum
768 3813 879 3866 prorsus
906 3799 1027 3854 futurum
1055 3816 1126 3868 esse,
1154 3803 1226 3870 quod
1252 3802 1370 3858 Socratis

327 3901 458 3953 nusquam
477 3883 508 3938 fit
526 3885 633 3939 mentio.

416 3971 437 4038 ²)
457 3969 491 4026 cf.
509 3971 608 4024 chleri
626 3971 689 4026 hist.
706 3973 773 4040 phil.
793 3973 833 4026 111
851 3975 876 4042 1,
894 3976 953 4042 503,
973 3974 1023 4026 513
1042 3990 1101 4028 cum
1119 3982 1174 4032 not.
1191 3978 1216 4030 4.

418 4057 438 4125 ⁸)
458 4057 494 4113 cf.
512 4057 574 4111 ibid.
593 4059 621 4112 11
640 4062 652 4111 l
672 4075 698 4126 p.
718 4062 768 4113 206
787 4076 813 4115 n.
831 4063 856 4116 2.

416 4141 438 4210 ⁴)
457 4144 511 4197 Les
528 4143 681 4198 moralitates
700 4160 762 4200 sous
780 4145 902 4214 l’empire
920 4147 1021 4200 romain
1040 4165 1067 4215 p.
1084 4151 1143 4202 237.
