3124 4870
725 284 873 343 -102
934 319 959 328 -

328 464 424 527 genes
447 447 588 528 disputat
611 449 649 513 de
672 454 843 516 certamine
866 472 934 517 cum
958 454 1130 535 voluptatis
1153 457 1256 522 bestia
1282 459 1364 523 inito

329 557 478 624 Cebetem
493 562 697 641 assumpsisse
714 580 814 641 neque
830 566 986 645 cogitasse
1002 565 1040 629 de
1063 569 1228 632 mulierum
1250 570 1364 650 specio,

328 690 420 752 quam
444 673 512 753 ipse
534 675 605 740 aliis
628 676 704 739 loeis
727 674 839 740 iisdem
861 677 947 740 vitiis
971 679 1127 760 induerat,
1151 681 1262 746 deinde
1285 682 1366 746 hanc

329 786 571 866 discrepantiam
594 788 640 852 ita
662 788 773 854 tollere
796 796 942 854 conatum
966 808 1044 872 esse,
1068 798 1103 855 ut
1127 793 1250 857 easdem
1274 793 1365 858 lerni-

329 917 387 963 nas
416 899 536 962 bestias
573 899 754 979 appellaret.
807 901 868 966 Sed
897 920 936 965 ne
968 903 1012 966 sic
1035 904 1211 968 existimem
1248 905 1364 985 obstat,

330 1011 412 1092 quod
441 1011 518 1075 mibi
546 1029 609 1075 non
639 1013 810 1091 persuadeo
840 1013 925 1076 illam
949 1014 987 1076 de
1010 989 1152 1094 Diogene
1179 1016 1318 1120 fabulam
1348 1035 1367 1080 a

330 1124 433 1188 Dione
448 1125 607 1187 inventam
624 1142 691 1188 esse
707 1142 808 1205 neque
824 1125 951 1189 aliunde
966 1123 1114 1191 Cebetem
1138 1129 1204 1194 eius
1220 1129 1366 1194 notitiam

330 1235 470 1318 potuisse
493 1237 644 1315 accipere.
684 1236 812 1301 Etenim
836 1237 918 1317 quod
942 1238 996 1301 illa
1018 1241 1080 1303 nisi
1104 1258 1140 1302 ex
1156 1240 1258 1305 Dione
1272 1242 1366 1306 hodie

331 1347 437 1413 afferri
460 1350 613 1428 nequit1),
637 1349 709 1412 huic
732 1351 788 1428 rei,
812 1351 839 1414 si
862 1351 1051 1429 cogitaveris
1067 1352 1105 1416 de
1128 1353 1279 1417 sescentis
1303 1353 1367 1415 illis

331 1462 467 1525 vitarum
496 1461 714 1542 scriptoribus,
745 1480 877 1542 quorum
901 1464 1102 1526 vixnomina
1125 1466 1285 1544 usquead
1312 1483 1368 1528 no·

331 1577 427 1636 stram
465 1576 602 1636 aetatem
637 1578 835 1651 manserunt,
875 1592 968 1654 opera
1006 1575 1248 1654 interciderunt,
1289 1574 1369 1640 nihil

332 1683 480 1747 tribueris
503 1683 696 1764 momenti2).

419 1796 506 1860 Idem
533 1799 572 1861 de
599 1815 635 1861 ea
664 1798 869 1863 consensione
891 1799 995 1862 valere
1024 1800 1100 1863 mihi
1123 1801 1263 1879 videtur,
1291 1818 1370 1880 quae

333 1916 384 1973 est
406 1911 489 1973 inter
512 1907 587 1973 Ceb.
612 1909 675 1974 tab.
695 1914 774 2002 3,2;
797 1900 817 1992 ἡ
840 1902 905 1992 γὰρ
925 1902 1116 1993 Ἀφροσύνη
1144 1923 1214 1987 τοῖς
1236 1904 1369 1993 ἀνθρώ-

333 2042 407 2098 ποις
430 2021 540 2104 Σφίγξ
564 2021 653 2086 ἐστιν
676 2028 708 2086 61
730 2022 841 2086 Dionis
865 2041 910 2087 or.
938 2028 977 2086 10
1005 2042 1035 2103 p.
1063 2029 1137 2104 166,
1154 2030 1190 2088 13
1215 2043 1275 2104 sep:
1307 2016 1370 2106 ἐγὼ

335 2131 372 2198 δὲ
398 2128 527 2217 ἥκουσα
554 2137 614 2198 τοῦ
638 2133 794 2216 λέγοντος
823 2128 874 2198 ὅτι
903 2125 923 2217 ἡ
952 2131 1063 2217 Σφὶγξ
1088 2127 1108 2218 ἡ
1137 2128 1269 2215 ἀμαθία
1292 2133 1370 2198 ἐστί.

335 2245 461 2323 Quanto
493 2248 575 2310 enim
606 2246 709 2310 studio
733 2245 829 2311 Stoici
857 2245 1056 2309 incubuerint
1085 2247 1116 2309 in
1145 2246 1268 2310 tabulas
1295 2247 1371 2310 alle-

335 2360 442 2438 gorice
469 2358 668 2441 explicandas
695 2359 950 2441 mythologiaque
977 2376 1030 2421 res
1054 2359 1187 2422 morales
1209 2359 1371 2424 illustran-

336 2471 406 2550 das,
437 2472 551 2551 exile,
582 2490 662 2552 quae
684 2469 811 2551 suprail
839 2470 878 2533 de
905 2470 963 2534 hac
990 2487 1025 2534 re
1048 2469 1293 2551 disputavimus,
1316 2489 1372 2550 ap-

337 2590 436 2663 paret.
478 2584 650 2664 Propterea
666 2583 773 2647 malim
790 2581 938 2646 arbitrari
954 2586 1121 2661 utrumque
1144 2581 1275 2644 eandem
1297 2582 1373 2646 alle-

337 2698 475 2776 goricam
497 2695 793 2777 interpretationem
817 2693 943 2757 aliunde
964 2699 1159 2773 assumptam
1183 2692 1373 2772 adhibuisse,

338 2827 430 2890 quam
446 2807 595 2874 Cebetem
610 2807 669 2872 hac
691 2807 722 2869 in
747 2824 781 2869 re
799 2805 908 2870 Dionis
932 2810 988 2868 aut
1005 2805 1137 2868 Dionem
1154 2802 1281 2869 Cebetis
1304 2805 1374 2868 imi-

338 2927 472 2987 tatorem
496 2920 604 2985 fuisse.
651 2919 742 2983 Prius
774 2918 857 2980 enirn
888 2916 966 2981 illud
993 2917 1044 2981 vin
1074 2916 1205 2980 audeam
1235 2921 1375 2980 statuere

338 3034 524 3098 adversante
540 3050 586 3111 ea,
610 3049 702 3112 quam
725 3032 809 3095 inter
823 3031 934 3094 Dionis
951 3048 995 3094 or.
1015 3037 1028 3094 l
1048 3035 1080 3095 et
1103 3029 1255 3093 Tabulam
1277 3030 1375 3093 inter-

340 3145 449 3210 cedere
483 3145 617 3209 vidimus
653 3141 699 3226 (p.
729 3149 769 3208 98
799 3142 875 3222 sq.),
905 3142 1043 3220 ratione3
1086 3141 1143 3206 hoc
1179 3146 1285 3204 autern
1324 3142 1376 3205 vix

339 3257 462 3319 credam
485 3258 525 3320 ob
549 3274 595 3336 ea,
619 3273 698 3337 quae
721 3255 848 3334 obliqua
870 3253 1012 3318 oratione
1039 3272 1070 3335 p.
1097 3258 1228 3334 166,14
1250 3271 1297 3333 sq.
1320 3251 1374 3316 ad-

341 3413 513 3423 -———--.—

427 3495 449 3564 1)
469 3495 502 3550 01.
520 3493 597 3548 Muli.
615 3494 647 3548 fr.
667 3494 694 3545 lI
712 3495 858 3547 299--330,

430 3599 590 3665 21001106110
614 3596 728 3650 Dionem
753 3595 889 3648 adamasse
915 3593 1139 3661 comparationem
1158 3593 1315 3660 bestiarum3
1342 3593 1377 3649 of.

342 3706 381 3744 or.
394 3689 410 3740 5
428 3703 454 3755 p.
469 3688 564 3753 90sq.;
583 3699 621 3738 01.
635 3685 669 3736 30
681 3699 706 3750 p.
718 3683 776 3747 334,
796 3682 841 3747 13;
861 3694 899 3732 01.
912 3682 944 3732 32
963 3696 988 3745 p.
1003 3681 1062 3746 409,
1079 3680 1108 3745 45
1127 3693 1165 3731 01.
1179 3682 1212 3732 74
1224 3695 1250 3746 p.
1263 3680 1321 3744 258,
1336 3681 1376 3732 27.

342 3775 392 3829 Sed
411 3774 444 3828 ob
463 3772 490 3826 id
508 3787 541 3826 ne
559 3771 631 3824 dicas
648 3769 723 3822 illam
736 3766 944 3821 nmationema
962 3764 1049 3818 Dione
1062 3764 1194 3817 inventam
1213 3779 1278 3831 esse,
1290 3766 1378 3832 ipsum

343 3861 487 3926 Diogenem
500 3858 577 3924 Diog.
589 3855 678 3910 Laert.
696 3856 720 3922 6,
731 3855 762 3906 51
781 3851 865 3906 tradit
876 3850 1054 3920 sycophantas
1072 3854 1100 3901 et
1118 3848 1269 3902 adulatores
1281 3848 1379 3902 bestias

343 3946 448 4001 dixisse.

430 4049 657 4120 bmpfflm
