3132 4874
599 333 815 395 ...49-

190 499 314 585 fugere:
342 497 426 587 πρὸς
448 497 506 582 τὰς
523 554 530 571 .
545 555 573 572 ..
600 501 710 582 δόσεις
739 500 819 590 μήτε
841 508 983 588 χαίρειν,
1012 521 1094 584 quae
1115 521 1226 584 quam-

191 634 287 697 quam
310 617 461 698 explicari
483 623 609 701 potest,
640 626 748 684 tamen
779 619 820 683 ab
849 615 1021 682 offensione
1042 616 1144 682 libera
1164 636 1227 683 non

189 735 249 794 est.
293 729 422 794 Accedit
444 730 526 810 quod
549 730 627 794 illud
652 735 746 806 ἴσους
759 733 947 813 γίγνεσθαι,
971 729 1060 794 cuius
1076 747 1156 810 quae
1178 729 1227 794 vis

191 841 234 906 sit
248 840 317 922 ipse
332 841 503 908 Muellerus
510 845 535 925 ¹)
552 843 695 908 concedit
709 843 892 925 ambignum
907 860 985 921 esse,
1001 841 1086 906 baud
1100 859 1227 923 possum

191 971 283 1018 ame
305 953 476 1036 impetrare
499 964 535 1020 ut
565 956 690 1021 credam
720 957 754 1021 in
780 956 924 1035 margine
955 955 1135 1035 appositum
1158 971 1228 1020 esse

191 1066 232 1130 ad
262 1065 499 1148 interpretanda
527 1068 624 1132 verba
651 1062 731 1151 μήτε
758 1071 885 1150 χαίρειν
908 1103 949 1113 -
977 1063 1057 1150 μήτε
1083 1059 1229 1149 ἀθυμεῖν

192 1213 233 1223 -
255 1175 311 1242 καὶ
332 1173 413 1262 μήτε
435 1178 550 1262 ψέγειν
574 1213 616 1224 -
638 1174 717 1263 μήτε
740 1178 903 1261 ἐπαινεῖν,
934 1198 1016 1261 quac
1037 1182 1228 1263 interpreta-

191 1291 278 1356 tione
311 1291 438 1356 minime
468 1292 612 1372 indigent
645 1293 806 1373 multoque
834 1291 960 1358 facilius
993 1293 1229 1374 intelleguntur,

191 1421 287 1484 qnam
310 1403 388 1468 illud
425 1408 519 1480 ἴσους
541 1407 727 1487 γίγνεσθαι.
766 1404 802 1468 ld
826 1405 936 1486 ipsum,
961 1405 1054 1486 quod,
1076 1424 1159 1487 quae
1181 1406 1229 1470 vis

191 1514 251 1579 hoc
273 1515 340 1580 loco
362 1523 448 1581 esset
469 1517 612 1583 vocabuli
635 1522 715 1596 ἴσος,
738 1535 801 1582 non
819 1517 990 1599 perspexit,
1013 1534 1110 1583 cansa
1132 1516 1230 1583 inisse

192 1625 269 1691 mihi
293 1629 435 1708 videtur,
459 1629 708 1702 cua„Muellerus
731 1631 777 1694 ita
806 1629 974 1695 coniceret.
1019 1629 1100 1695 illud
1124 1637 1230 1695 autem

192 1746 269 1828 quid
290 1744 351 1810 sibi
374 1742 460 1821 velit,
483 1742 633 1807 facillime
655 1742 917 1822 cognoscituros
940 1743 1030 1824 Diog.
1047 1742 1152 1808 Lacrt.
1169 1744 1231 1807 VII

196 1865 271 1925 117:
297 1862 376 1931 ἴσως
396 1848 462 1937 γὰρ
484 1856 571 1937 ἔχειν
592 1849 676 1934 πρός
696 1877 730 1918 ιε
752 1847 790 1918 τὸ
813 1853 954 1932 ἔνδοξον
969 1848 1084 1919 καὶτὸ
1107 1849 1231 1932 ἄδοξον

193 1977 226 2037 et
257 1989 295 2036 ex
326 1968 393 2034 Tel.
415 1967 499 2049 apud
529 1966 614 2032 Stob.
646 1966 715 2032 flor.
745 1985 775 2048 p.
806 1971 878 2047 125,
894 1973 931 2031 17
956 1967 1115 2034 Mainake:
1149 1960 1232 2049 πρὸς

194 2079 298 2161 δόξαν
327 2077 382 2145 uoci
405 2072 545 2157 ἀδοξίαν
574 2084 653 2154 ἴσως
679 2081 796 2161 ἔχοντα
812 2072 924 2156 ,Ἴσως
952 2081 1039 2162 ἔχειν
1061 2080 1160 2160 igitur
1180 2080 1232 2145 vel

196 2201 272 2260 ἴσον
294 2189 381 2258 εἶναι
402 2186 486 2273 πρός
507 2214 539 2254 ιι
563 2196 738 2256 statuemus
768 2190 945 2273 significare
976 2193 1140 2257 immotum
1163 2209 1232 2257 esse

194 2307 371 2389 aliquare,
400 2321 503 2384 neque
525 2309 672 2385 appetere
699 2303 831 2385 aliquid,
862 2323 963 2384 neque
986 2301 1231 2386 reformidarel).

194 2418 286 2497 Quod
309 2437 378 2482 cum
403 2417 522 2497 optime
552 2434 622 2481 cum
652 2416 711 2481 boc
732 2416 800 2482 loco
831 2418 1011 2497 conveniat,
1042 2416 1148 2482 addito
1178 2415 1232 2482 illo

195 2529 250 2596 καῖ
279 2532 325 2596 sic
353 2529 470 2596 scribo:
510 2535 604 2604 ἴσους
635 2527 889 2612 γίγνεσθαικαὶ
920 2524 1000 2613 μήτε
1029 2532 1230 2613 χαίρειν

196 2643 330 2708 Videtur
345 2642 459 2708 Stoicis
474 2641 551 2706 baec
566 2642 682 2706 locutio
705 2643 737 2706 in
762 2661 821 2708 usu
836 2642 932 2707 fnisse
954 2642 993 2706 ad
1009 2642 1232 2722 designandam

196 2754 349 2838 sapientis
371 2755 637 2836 contemptionem
666 2754 863 2834 divitiarum,
894 2755 1027 2835 gloriae,
1057 2762 1233 2820 ceterarum

196 2866 348 2934 eiusmodi
371 2885 487 2932 nerum.
534 2867 683 2948 Diogenis
706 2867 832 2947 quidem
855 2885 892 2931 eo
915 2868 997 2946 loco,
1021 2884 1114 2948 quem
1137 2884 1233 2948 supra

197 2981 360 3061 exscripsi,
397 2980 437 3044 de
473 2978 647 3044 Stoicorum
682 2978 839 3060 dogmatis
876 2979 1056 3060 exponitur3
1094 2978 1233 3042 Teletem

196 3096 302 3156 nutem
325 3091 500 3157 Stoicorum
532 3090 673 3156 familiae
706 3091 865 3156 addictum
899 3091 997 3156 fuisse
1026 3109 1134 3156 omnes
1163 3108 1234 3156 con-

197 3205 348 3270 sentiunt.

288 3317 337 3382 Ex
359 3336 481 3397 eorum,
509 3317 562 3398 qui
589 3317 764 3383 recentiore
787 3323 891 3383 aetate
913 3317 953 3383 de
975 3317 1172 3399 philosophia
1194 3316 1235 3381 ad

198 3449 395 3496 communem
418 3429 667 3510 intellegentiam
690 3431 925 3496 accommodate
948 3432 1155 3516 scripserunt,
1184 3446 1236 3492 su-

203 3555 374 3563 ..—

285 3600 311 3670 ¹)
329 3600 444 3654 Ibidem:
463 3607 510 3668 „ut
528 3600 644 3670 mittam,
662 3615 732 3668 quae
753 3602 792 3656 vis
809 3602 842 3656 sit
855 3601 977 3656 vocabuli
995 3601 1063 3668 ἴσος,
1081 3599 1236 3668 quaerere“.

285 3685 311 3748 ἰ
330 3687 417 3740 Huius
434 3686 577 3740 locutionis
594 3686 736 3755 explicatio
749 3687 876 3743 facillima
893 3702 950 3742 esse
966 3687 1078 3740 videtur.
1114 3684 1151 3739 Ut
1167 3684 1237 3737 enim

198 3772 259 3833 ἴσος
276 3765 411 3840 δικαστής
429 3770 512 3840 (Plat.
530 3771 580 3840 leg.
599 3777 624 3841 7,
641 3789 669 3840 p.
687 3775 784 3842 9570),
802 3774 863 3835 ἴσος
879 3766 976 3841 κριτής
993 3771 1100 3840 (Polyb.
1114 3771 1192 3837 17,6,
1207 3769 1236 3838 1)

199 3859 221 3912 is
240 3859 345 3927 dieitur,
363 3859 410 3927 qui
427 3860 517 3912 neutri
532 3860 602 3928 parti
614 3858 695 3928 lavet,
712 3860 750 3914 sie
768 3859 801 3913 de
819 3860 933 3914 fortunis
951 3875 1010 3914 eum
1024 3858 1119 3926 agitur,
1136 3855 1159 3910 is
1177 3856 1237 3918 ἴσος

198 3953 247 4014 est,
265 3946 311 4012 qni
329 3955 453 4000 neutram
475 3945 502 4000 in
520 3953 639 4016 purtem,
662 3946 681 3999 i.
698 3961 722 4001 e.
741 3961 828 4014 nequo
851 3947 878 4000 in
895 3945 1085 4014 appetitionem
1104 3943 1238 4012 usquein

198 4030 366 4088 miectiomm
376 4032 488 4087 inclinat
498 4033 598 4103 quique
610 4033 716 4088 illarum
726 4049 814 4088 rarum
826 4039 853 4088 at
870 4032 1063 4088 abundantiam
1081 4039 1108 4086 ot
1120 4029 1236 4100 inopiam

198 4133 284 4188 nequo
301 4118 355 4174 lert
372 4120 469 4174 animo.

1002 4216 1022 4276 t
