3124 4870
698 343 930 404 -118—

296 513 370 588 29,4
408 491 474 591 bis,
510 510 685 576 adhibitum
721 513 805 593 apud
839 510 1004 577 Platonem
1039 530 1163 592 quoque
1195 513 1333 579 obvenit.

296 620 529 686 Obambulandi
549 621 781 702 significatione
797 624 900 703 (13,1)
923 641 984 688 non
1001 625 1157 704 reperitur
1172 625 1233 688 nisi
1249 625 1332 705 apud

298 734 488 799 recentiores
506 733 932 816 (Polybium,.Plutarchum,
955 734 1128 812 Diogenem
1145 734 1332 815 Laertium).

381 837 570 929 ἀνονήφω
594 843 674 927 (9,3)
697 851 728 910 et
751 847 876 928 proprie
896 851 928 910 et
944 846 1156 927 metaphorice
1179 849 1332 912 usitatum

297 958 508 1023 recentiorum
533 964 597 1037 est3
620 959 746 1038 proprie
769 977 806 1023 eo
826 964 958 1022 utuntur
975 957 1140 1037 Diodorus,
1164 959 1334 1041 Dionysius

296 1068 607 1149 HalicarnassensiS,
638 1067 812 1148 Lucienus,
841 1067 1046 1146 Plutarchus;
1081 1069 1139 1147 ,ad
1163 1071 1334 1136 sanitatem

296 1180 410 1244 mentis
444 1180 564 1244 redire“
598 1177 756 1260 significat
785 1181 868 1260 apud
901 1181 1032 1245 Dionem
1065 1178 1333 1262 chrysostomum,

294 1310 338 1357 or.
364 1297 385 1356 4
407 1311 436 1372 p.
455 1298 495 1356 78
513 1292 605 1356 Diod.
640 1291 824 1357 Transitum
847 1294 939 1374 quasi
962 1311 1001 1356 ex
1023 1295 1150 1373 proprio
1173 1283 1212 1356 in'
1230 1299 1331 1358 meta-

293 1404 455 1484 phoricum
483 1422 574 1468 usum
597 1402 717 1468 iactum
740 1404 823 1484 apud
850 1403 1013 1468 Philonem
1041 1405 1162 1482 inveni,
1195 1408 1248 1485 qui
1272 1406 1332 1486 leg.

298 1515 350 1578 all.
382 1515 485 1594 1116,
520 1514 574 1578 ubi
597 1515 636 1577 de
660 1517 746 1580 Noae
773 1516 924 1580 ebrietate
954 1515 1120 1595 disseruit,
1153 1517 1334 1598 allegorica,

294 1633 330 1691 ut
353 1629 442 1704 solet,
468 1627 731 1708 interpretatione
754 1645 829 1692 usus
845 1628 966 1707 pergit:
990 1620 1055 1691 Διὸ
1079 1625 1134 1691 καὶ
1157 1620 1334 1712 ἀνανήφει,

293 1740 393 1802 τοῦτο
418 1729 518 1802 δ’ἔστι
541 1749 701 1820 μετανοεῖ.

382 1843 625 1933 ἀνδροφονῶ
643 1847 756 1942 (40,3).
794 1850 924 1914 Praeter
943 1858 1101 1916 auctorem
1117 1852 1336 1933 Pseudo-Hip·

294 1981 379 2045 pocr.
393 1982 440 2044 ep.
458 1963 508 2028 ad.
521 1963 665 2028 Democr.
683 1964 876 2027 recentiores
889 1964 989 2027 solum
1005 1963 1064 2026 hoc
1077 1964 1171 2029 verbo
1184 1961 1236 2028 usi
1251 1972 1334 2045 sunt,

296 2074 465 2156 inquibus
490 2074 590 2140 Philo.
631 2065 846 2155 ἀνδροφόνος
869 2073 953 2154 apud
980 2075 1145 2140 Platonem
1169 2078 1335 2157 reperitur,

295 2179 508 2269 ἄνδροφονία
532 2187 634 2266 ipsum
657 2202 780 2266 quoque
803 2187 1011 2251 recentiorum
1036 2192 1084 2250 est
1107 2186 1230 2269 (Pina).
1283 2167 1287 2173 ’

380 2292 540 2364 ἀνοδία,
559 2302 631 2377 153
644 2297 781 2378 optimus
798 2298 894 2362 codex
907 2296 938 2360 A
954 2297 1081 2362 exhibet
1097 2291 1138 2362 δι’
1153 2290 1291 2375 ἀνοδίας
1299 2298 1335 2381 ¹),

295 2412 380 2494 quod
404 2429 475 2476 cum
497 2409 655 2491 Sauppeio
680 2414 711 2473 et
733 2410 890 2475 Jerramio
914 2410 1039 2491 recipio,
1064 2429 1135 2474 cum
1159 2411 1335 2477 Drosihnus

293 2523 456 2603 vulgatam
479 2523 668 2603 scripturam
695 2539 733 2586 ex
763 2521 972 2587 deterioribus
1000 2522 1089 2587 codd.
1119 2521 1264 2588 haustam
1288 2542 1336 2587 re-

293 2635 396 2700 tineat
419 2629 624 2700 δνσανόδου.

379 2747 579 2813 Adiectivum
601 2741 725 2823 ἄνοδος
740 2747 822 2828 apud
839 2746 1081 2828 Xenophontem
1096 2751 1202 2812 exstat
1217 2746 1334 2828 (Anah.

294 2866 368 2941 aa,
385 2859 448 2942 10),
472 2861 673 2927 substantivo
696 2852 818 2924 ἀνοδία
844 2866 972 2940 praeter
994 2859 1222 2940 Hippocratem
1232 2857 1260 2940 ²)
1284 2879 1334 2925 re·

294 2973 449 3038 cautiores
479 2974 528 3038 usi
561 2978 649 3052 sunt,
679 2973 766 3036 velut
798 2971 967 3053 Polybius,
997 2971 1104 3050 Philo,
1137 2971 1336 3037 Plutarchus.

293 3078 415 3172 ἀνοδίᾳ
438 3086 664 3151 adverbialiter
687 3084 862 3150 adhibitum
884 3083 974 3163 (Tab.
993 3082 1080 3164 27,3)
1105 3084 1227 3149 invenis
1251 3086 1335 3165 apud

294 3198 470 3279 Polybium,
494 3197 677 3263 Diodorum.

380 3300 637 3391 ἀντιφάρμακον
668 3307 755 3387 (26,3
787 3307 850 3386 bis)
919 3306 1130 3372 Adiectivum,
1154 3305 1213 3370 hoc
1246 3325 1337 3372 voca-

295 3423 406 3488 bulum
430 3428 479 3487 est
498 3423 582 3504 apud
599 3421 772 3488 Diodorum
788 3420 855 3499 (17,
871 3419 974 3500 90,7);
998 3419 1232 3485 substantivum
1254 3419 1337 3500 apud

293 3535 488 3602 Athenaeum
513 3534 556 3616 (9,
570 3539 633 3600 370
646 3532 697 3615 a),
729 3532 943 3598 Dioscoridem
968 3531 1012 3614 (2,
1026 3531 1090 3608 96).
1136 3531 1338 3613 antiquiores

379 3809 671 3878 hammam

381 3913 402 3983 ²)
421 3913 595 3981 Hippocratis
617 3912 682 3967 loeis
700 3911 727 3964 in
746 3910 798 3965 hac
817 3909 975 3978 quaestione
998 3923 1051 3960 non
1074 3907 1186 3963 multum
1209 3919 1326 3964 moment

292 3999 464 4053 tribuendum
478 4007 527 4068 est,
545 4015 604 4052 cum
618 3999 725 4066 quinam
739 3996 823 4050 exeis
841 3995 925 4060 libris,
944 3995 989 4062 qui
1007 3993 1181 4063 Hippocratis
1197 3995 1338 4062 feruntur,

291 4085 351 4139 iure
370 4085 393 4137 ei
413 4085 611 4153 adscribantur,
629 4085 715 4138 adhuc
734 4097 787 4136 non
805 4086 916 4138 constet.
