3132 4874
678 347 869 407 ..9-

255 515 317 579 nisi
332 515 414 595 quod
430 520 542 580 auctor
557 515 699 582 Platonis
714 534 796 597 quae
811 516 913 582 fertur
928 516 1083 599 epistulae
1100 522 1139 582 13
1156 536 1186 598 p.
1204 521 1291 582 363a

255 645 369 707 ponere
389 627 513 692 videtur
530 627 677 692 Cebetem
701 647 737 693 eo
761 634 914 710 tempore,
937 647 998 709 quo
1021 628 1101 694 hanc
1124 630 1291 710 epistulam

256 738 403 819 scriptam
439 740 546 820 putari
577 739 714 819 volebat,
750 742 855 806 vivum
884 741 992 806 fuisse.
1051 740 1111 806 Vix
1141 743 1225 805 enim
1254 741 1293 804 de

257 852 381 918 bomine
408 858 533 918 mortuo
560 854 723 934 scripseris
755 845 841 937 ἀνὴρ
873 856 975 918 πᾶσιν
1001 845 1082 936 ἡμῖν
1110 849 1232 928 οἰκεῖός
1258 877 1293 918 τε

257 961 311 1027 καὶ
334 959 456 1041 εὔνους
478 965 564 1031 nullo
581 966 732 1031 vocabulo
753 966 868 1031 docens
891 985 962 1031 eum
985 968 1017 1031 in
1041 967 1120 1031 vivis
1144 967 1207 1030 iam
1230 985 1293 1032 non

258 1096 336 1143 esse.
382 1078 444 1144 Sed
470 1080 503 1144 in
527 1079 577 1143 bis
600 1082 731 1160 propter
758 1079 884 1144 illarum
907 1079 1116 1161 epistularum
1139 1079 1293 1143 incertam

257 1192 412 1272 originem
434 1210 498 1257 non
521 1192 624 1273 magis
647 1193 706 1258 niti
733 1191 820 1272 licet,
849 1211 944 1273 quam
971 1194 1003 1256 in
1026 1191 1137 1256 Dionis
1161 1190 1295 1273 Chryso·

258 1304 351 1367 stomi
374 1322 411 1369 11
434 1306 512 1384 1111,
535 1306 590 1385 qui
613 1312 663 1370 est
677 1323 721 1370 or.
740 1311 759 1369 8
775 1305 855 1382 init,
879 1304 933 1369 ubi
953 1306 986 1369 in
1002 1303 1173 1369 Socraticis
1195 1303 1296 1385 philo

258 1415 366 1496 sophis
391 1417 460 1481 eius
476 1418 601 1496 aetatis,
618 1433 680 1497 qua
696 1417 854 1499 Diogenes
871 1416 973 1496 patria
990 1415 1136 1495 expulsus
1153 1415 1296 1479 Athenas

259 1529 480 1608 permigravit,
512 1527 611 1594 Cebes
643 1546 706 1592 non
729 1534 1003 1593 commemoratur.
1049 1527 1190 1593 Primum
1212 1529 1296 1591 enim

261 1639 388 1704 minime
416 1646 557 1719 constat,
588 1659 662 1705 num
695 1641 763 1721 ipse
794 1638 854 1703 Dio
885 1639 1037 1704 historiae
1065 1638 1297 1705 Socraticorum

261 1750 341 1816 adeo
363 1750 461 1816 fuerit
476 1753 607 1833 1111111,
631 1757 667 1817 ut
686 1751 815 1833 quinam
838 1750 902 1816 illis
924 1752 1119 1832 temporibus
1133 1752 1298 1830 vixissent,

261 1862 456 1944 compertum
488 1864 628 1930 haberet.
688 1865 810 1930 Deinde
843 1864 934 1928 valde
966 1865 1096 1929 dubium
1128 1868 1191 1945 est,
1223 1882 1299 1928 uum

262 1995 370 2041 omnes
389 1977 577 2057 Socraticos,
600 1997 663 2044 non
687 1997 741 2043 eos
755 1976 866 2057 solum,
890 1979 945 2060 qui
961 1995 1084 2043 summa
1099 1978 1192 2042 laude
1210 1975 1300 2041 11111

263 2088 349 2169 bant,
373 2109 559 2155 enumerare
582 2092 615 2155 in
638 2090 742 2154 animo
764 2089 922 2155 habuerit.
960 2089 1049 2168 Quod
1072 2090 1100 2154 si
1122 2090 1193 2171 quis
1215 2089 1301 2153 dicat

264 2199 413 2266 Cebetem
442 2208 572 2283 propter
600 2201 705 2281 illam,
735 2219 817 2281 quae
846 2202 914 2266 eius
944 2200 1118 2280 ferebatur,
1147 2199 1300 2265 Tabulam

264 2313 502 2378 celeberrimum
534 2313 632 2379 fuisse
662 2331 765 2393 neque
795 2311 864 2377 fieri
895 2313 1048 2395 potuisse,
1079 2318 1115 2378 ut
1142 2312 1203 2377 Dio
1230 2330 1300 2377 eum

264 2425 355 2507 quasi
385 2425 571 2490 mediocrem
601 2430 633 2489 11
661 2425 957 2489 commemoratione
984 2425 1147 2504 indignum
1174 2424 1302 2488 silentio

264 2538 469 2618 praeteriret,
503 2537 536 2601 id
567 2537 668 2617 ipsum
702 2553 765 2600 non
797 2536 911 2617 liquet,
948 2554 1023 2600 num
1055 2536 1151 2601 Dioni
1179 2533 1303 2601 Tabula

266 2648 376 2714 Cebeti
398 2648 559 2730 adscripta
581 2644 797 2727 innotuerit).

352 2761 485 2827 Praeter
513 2777 581 2840 eos,
614 2778 692 2841 quos
720 2760 977 2840 commemoravi,
1007 2763 1152 2824 auctores
1179 2757 1304 2824 Cebetis

267 2873 456 2939 mentionem
479 2871 557 2938 facit
579 2871 769 2936 Plutarchus
792 2872 831 2935 de
852 2872 947 2950 genio
970 2870 1056 2936 Scor.
1084 2875 1138 2949 10,
1162 2874 1219 2948 20,
1248 2869 1304 2934 sed

268 3005 367 3068 neque
389 2987 422 3050 in
445 2985 495 3052 his
518 2984 690 3066 quidquam
713 2983 811 3061 inest,
839 2999 901 3062 quo
925 2981 1146 3060 chronologiae
1173 2981 1305 3045 investi-

269 3100 355 3180 gotio
378 3101 517 3178 iuvetur,
543 3113 643 3178 neque
666 3095 749 3160 illius
772 3095 958 3174 auctoritas,
981 3111 1050 3158 cum
1073 3092 1106 3157 in
1130 3092 1189 3157 hoc
1211 3110 1306 3175 opere

269 3214 394 3292 poetam
417 3210 520 3292 potius
542 3209 641 3276 libero
660 3206 800 3286 fingendi
823 3205 956 3271 arbitrio
973 3224 1075 3285 usum,
1095 3223 1190 3286 quam
1206 3204 1306 3270 histo-

271 3324 367 3386 ricum
403 3342 477 3388 vero
506 3323 723 3404 explorantem
753 3337 787 3384 11
816 3317 981 3399 praebeat,
1012 3318 1075 3384 ullo
1108 3319 1142 3384 in
1176 3332 1307 3382 numero

269 3433 416 3501 habenda
437 3441 496 3502 est.

356 3548 405 3612 Ex
420 3549 469 3628 iis,
486 3568 568 3632 quae
579 3544 771 3613 Plutarchus
788 3543 828 3608 de
845 3543 900 3609 lib.
913 3543 1000 3608 educ.
1017 3545 1066 3620 15,
1083 3541 1121 3604 de
1136 3539 1243 3604 anima
1256 3542 1307 3618 23,

361 3769 710 3844 1111111111111111111.
758 3769 798 3824 Ne
824 3767 892 3822 illud
918 3764 1025 3834 quidem
1049 3759 1241 3828 neglegendum
1261 3767 1310 3829 est,

274 3860 409 3929 Cebetem,
434 3867 464 3916 ut
486 3875 568 3928 supra
590 3856 772 3928 exposuimus,
798 3853 898 3908 Thebis
918 3850 1066 3916 habitasse,
1091 3846 1204 3902 Dionem
1227 3846 1259 3902 do
1276 3847 1310 3900 iis

274 3945 368 4016 dicere,
379 3964 445 4016 quos
458 3945 572 4002 Athenis
584 3943 685 3999 invenit
698 3942 841 4009 Diogenes.
876 3937 1041 4006 Quamquam
1053 3931 1190 3988 Euclidem
1203 3947 1311 4002 quoque

274 4033 456 4100 Megarensem
481 4038 681 4100 commemorat,
708 4028 754 4098 qui
780 4034 868 4081 tamen
886 4023 971 4092 magis
994 4037 1073 4093 quom
1094 4019 1180 4076 Cebes
1193 4020 1312 4076 Athenas

275 4118 377 4174 ridetur
394 4121 586 4192 frequentasse.
