3132 4874
728 345 942 405 ..62-

318 512 441 593 Mein).
488 507 697 597 Ξενοκράτης
724 505 822 578 ὁπότε
845 536 893 588 τις
920 506 1010 600 αὐτῷ
1039 507 1208 594 σχολάζειν
1231 505 1354 595 ῇθελεν

320 619 461 701 οὐδενὸς
475 627 544 689 τῶν
554 623 735 707 ἐγκυκλίων
751 619 958 707 μαθημάτων
973 619 1186 707 μετειληφώς,
1202 617 1354 704 ,,άπιθι“,

320 732 400 816 εἷπε,
425 729 550 819 ,λαβάς
566 729 628 799 οάκ
643 738 725 818 ἔχεις
746 729 829 818 πρὸς
844 738 1068 819 φιλοσοφίαν·
1083 739 1135 800 δεῖ
1154 729 1218 819 γάρ
1233 757 1354 818 προμε-

316 842 485 932 μαλάχθαι
517 841 572 912 διὰ
601 842 732 913 τούτων
754 841 816 932 την
838 844 1015 934 deppam).
1062 851 1170 915 Unum
1189 865 1227 912 ea
1249 852 1353 913 aetate

318 962 500 1027 Aristonem
524 961 569 1024 ita
591 959 739 1027 aStoicis
762 960 958 1042 dissensisse,
981 980 1050 1026 cum
1073 960 1199 1044 Cynicis
1222 977 1353 1024 consen-

318 1076 398 1138 sisse
421 1073 610 1154 accepimus,
641 1079 677 1137 ut
704 1073 829 1152 logicen
859 1079 891 1137 et
921 1072 1070 1156 physicen
1099 1073 1192 1153 plana
1222 1072 1354 1135 reiceret

318 1185 419 1266 (Stob.
446 1191 535 1265 80.7;
559 1189 710 1265 82.7,11‚
729 1185 789 1266 15).
824 1186 874 1249 lta
889 1184 996 1267 Stoici,
1017 1202 1206 1266 quamquam
1230 1183 1353 1248 ethices

317 1299 430 1362 ceteris
443 1295 660 1377 philosophiae
672 1297 814 1378 partibus
826 1298 1061 1377 anteponebant
1072 1297 1190 1378 hasque
1202 1301 1352 1376 tanquam

315 1411 518 1476 administras
533 1409 619 1474 illius
635 1426 704 1472 esse
721 1408 876 1488 volebant,
900 1414 1007 1473 tamen
1022 1409 1133 1490 primis
1148 1414 1219 1488 post
1235 1413 1352 1472 sectam

316 1524 474 1590 conditam
499 1521 631 1586 saeculis
661 1522 830 1601 plurimum
859 1522 892 1585 in
924 1520 1051 1602 physice
1080 1529 1112 1586 et
1133 1521 1233 1600 logica
1255 1520 1353 1585 studii

319 1641 589 1714 consumpserunt,
613 1639 799 1713 tantumque
821 1633 913 1698 abest
935 1639 971 1698 ut
992 1641 1078 1698 recte
1101 1634 1140 1697 de
1161 1633 1219 1697 hac
1242 1651 1277 1696 re
1299 1650 1348 1698 ex-

316 1747 457 1829 posuerit
467 1745 652 1828 Schaberus,
665 1751 819 1810 utcontra
828 1763 942 1826 magno
951 1744 1076 1810 demum
1086 1745 1236 1826 temporis
1248 1746 1353 1825 spatio

317 1859 482 1925 interiecto
506 1859 579 1924 inde
602 1878 620 1922 a
642 1858 802 1923 Pancratii
817 1864 850 1922 et
864 1856 1027 1923 Posidonii
1049 1863 1153 1923 aetate
1175 1857 1354 1921 exstiterint

314 1972 410 2038 Stoici
418 1972 604 2054 philosophi,
617 1971 670 2052 qui
680 1971 780 2052 stipsi
789 1970 937 2036 daethice
947 1972 1014 2035 sola
1022 1970 1119 2035 libros
1127 1977 1353 2051 componerent

317 2092 360 2168 et,
383 2104 572 2169 quamquam
595 2085 635 2149 ad
651 2083 771 2149 animos
785 2083 1019 2164 praeparandos
1040 2089 1073 2147 et
1087 2082 1273 2148 coercendos
1288 2101 1352 2148 non

314 2200 476 2280 negabant
487 2199 683 2279 aliquantum
693 2197 798 2261 valere
808 2196 1027 2276 eruditionem,
1038 2201 1155 2277 tamen,
1167 2213 1208 2259 ne
1219 2195 1351 2259 nimium

313 2312 359 2375 eis
372 2313 592 2391 tribueremus,
605 2311 700 2374 etiam
711 2316 807 2391 atque
819 2311 913 2374 etiam
922 2316 1086 2375 mouerent
1095 2307 1127 2386 ²).
1152 2310 1180 2373 Ε
1192 2307 1351 2389 prioribus

316 2423 429 2489 Stoicis
452 2422 643 2504 philosophis
663 2440 742 2486 unus
763 2419 903 2502 Aristo³)
926 2418 1197 2504 προπαιδεύματα
1217 2426 1253 2486 ut
1276 2421 1352 2485 vilia

314 2541 344 2599 et
374 2555 456 2600 vana
487 2553 578 2600 verae
608 2534 779 2601 eruditioni
808 2534 992 2615 opposuisse
1021 2533 1212 2614 perhibetur.
1264 2533 1352 2612 Quae

403 2742 423 2808 ¹)
445 2740 542 2796 Similis
560 2740 706 2796 sententiae
724 2746 764 2794 est
782 2740 848 2793 illud
867 2739 939 2808 quod
961 2739 1049 2794 fertur
1066 2740 1236 2810 Pythagorae
1253 2755 1280 2808 p.
1298 2741 1350 2793 493

314 2825 446 2880 Mullach:
466 2817 503 2889 ὥς
523 2820 576 2895 πρό
596 2826 652 2879 τῶν
670 2819 798 2893 μεγάλων
816 2826 976 2893 μυστηρίων
997 2818 1032 2878 τά
1055 2819 1139 2894 μικρά
1161 2820 1350 2893 παραδοτέον,

313 2911 362 2966 καὶ
379 2907 433 2979 πρὸ
453 2913 626 2982 φιλοσοφίας
644 2912 786 2965 παιδείαν.
822 2911 948 2965 Similiter
967 2911 1089 2966 Crantor.
1112 2912 1180 2965 Exc.
1205 2927 1271 2964 ern.
1289 2909 1350 2965 flor.

315 3000 359 3054 Jo.
377 2999 499 3053 Damio
518 3000 582 3054 edit.
601 2998 674 3053 Stob.
694 2998 808 3052 Meinek.
828 2997 866 3052 IV
884 3014 911 3065 p.
931 3000 992 3050 192:
1023 2990 1158 3066 Κράντωρ
1183 2992 1261 3064 ἔλεγε
1279 2989 1348 3064 μήτε

313 3079 463 3139 δυ’νασθαί
477 3104 540 3138 τινα
562 3078 599 3138 τά
623 3078 730 3152 μεγάλα
752 3077 806 3152 πρὸ
830 3084 886 3136 τῶν
912 3084 1019 3152 μικρῶν
1035 3084 1190 3154 [μυηθῆναι
1211 3073 1273 3149 μήτ’
1296 3071 1350 3134 οὖν

313 3167 360 3226 ἐπὶ
387 3173 562 3242 φιλοσοφίαν
588 3165 684 3225 ἐλθεῖν
709 3170 775 3240 πρὶν
800 3165 831 3224 ἐν
854 3176 914 3232 τοῖς
941 3164 1098 3238 ἐγκυκλίως
1124 3169 1349 3236 διαπονηθῆναι.

313 3261 391 3314 Philo
416 3259 472 3314 lud.
498 3276 589 3326 congr.
614 3276 658 3327 qu.
684 3259 759 3314 erud.
784 3266 851 3325 grat.
879 3257 943 3328 §32
971 3252 1022 3327 ῇρὴ
1050 3251 1196 3324 δἐίδέναι,
1223 3247 1267 3309 ὅτι
1293 3258 1350 3309 τῶν

311 3340 440 3416 μεγάλων
462 3338 634 3400 ὑποθέσεων
660 3339 768 3415 μεγάλα
792 3343 842 3398 καὶ
865 3339 901 3397 τά
925 3346 1061 3413 προοίμια
1084 3340 1158 3397 εἶναι
1180 3339 1349 3412 συμβέβηκε.

311 3434 438 3508 Μεγίστη
457 3424 482 3485 δ’
483 3424 623 3493 ὑπόθεσις
642 3423 727 3501 άρετῇ
742 3473 748 3486 ,
762 3472 788 3486 ..
812 3425 939 3493 Εἰκότως
958 3423 1011 3484 οὖν
1030 3423 1065 3483 σά
1084 3427 1199 3500 βραχέσι
1217 3423 1349 3497 χρήσεται

311 3520 486 3588 προοιμίοις,
505 3510 573 3572 άλλά
592 3517 783 3588 γραμματικῇ,
808 3518 977 3590 γεωμετρίᾳ,
1002 3508 1187 3590 ἀστρονομίᾳ,
1205 3510 1349 3585 ῥητορικῇ,

316 3607 447 3677 μουσικῇ,
465 3607 498 3677 τῇ
518 3597 587 3676 άλλη
606 3606 704 3676 λογικῇ
722 3605 831 3677 θεωρίᾳ
849 3598 934 3674 πάση.
970 3605 1011 3658 De
1033 3605 1128 3659 ceteris
1146 3604 1266 3658 Philonis
1283 3604 1349 3658 locis

312 3695 364 3748 huc
383 3692 576 3762 pertinentibus
594 3709 618 3746 v.
637 3692 699 3746 infr.
715 3708 742 3760 p.
761 3695 803 3746 94.
905 3747 915 3764 -.

400 3780 421 3848 Ι)
441 3780 584 3833 Panaetius
601 3785 674 3833 totus
693 3785 752 3833 erat
766 3779 792 3831 in
804 3763 991 3846 philosophiae
1009 3785 1085 3845 parte
1097 3777 1201 3844 morali,
1214 3776 1247 3831 cf.
1260 3776 1349 3830 Zellar

312 3867 353 3919 III
374 3870 386 3920 1
407 3883 434 3935 p.
454 3868 513 3921 502.
548 3866 591 3919 Ex
609 3865 740 3919 eclecticis
759 3864 804 3932 qui
823 3864 945 3918 dicuntur
963 3863 1128 3932 philosophis
1147 3863 1241 3918 Cicero
1259 3863 1349 3916 omnia

312 3953 475 4009 existimavit
487 3951 669 4022 posthabenda
681 3967 740 4006 esse
752 3951 785 4006 iis
797 3950 1005 4020 quaestionibus,
1018 3965 1087 4017 quaa
1100 3957 1162 4004 sunt
1174 3950 1208 4003 de
1220 3948 1348 4005 moribus.

311 4038 390 4093 Acad.
409 4040 466 4108 14,
485 4041 530 4105 153
549 4039 580 4093 de
599 4038 643 4094 fin.
662 4038 690 4091 II
710 4041 762 4106 1,1;
782 4037 860 4093 Tusc.
880 4037 913 4106 V,
930 4040 955 4105 4,
974 4039 1014 4089 10.

399 4123 419 4191 ³)
439 4125 518 4191 Diog.
537 4125 627 4180 Laert.
647 4125 735 4181 1180.
