3132 4874
618 339 831 398 ...35-

207 509 321 588 putare
344 525 499 572 summum
521 506 637 572 bonum
663 505 754 588 (Tab.
780 510 830 585 3,2
854 524 916 588 sq.;
946 509 1012 588 s,3;
1037 505 1138 588 ts‚3);
1165 505 1243 572 alios

207 619 239 683 in
251 619 368 686 litteris
380 625 412 684 et
427 620 551 684 artibus
562 620 748 685 liberalibus
764 638 887 685 omnem
905 639 1033 702 operam
1049 638 1243 698 consumere,

209 730 257 796 his
280 749 357 796 vera
384 733 526 797 doctrina
557 751 591 797 se
619 732 719 797 imbui
740 741 829 798 ratos
858 731 897 814 (c.
926 738 963 798 13
988 731 1061 814 sq.).
1107 733 1244 796 Neutros

207 849 303 907 recte.
349 843 465 908 Veram
495 843 578 908 enim
603 843 802 924 disciplinam
830 862 899 908 eam
923 863 1007 924 esse,
1038 863 1099 924 qua
1123 843 1245 908 animos

209 957 311 1019 metus
331 960 474 1035 expertes
496 954 638 1020 homines
660 957 819 1036 accipiant
834 961 866 1021 et
882 961 1075 1037 cognoscant
1090 955 1169 1020 nihil
1185 955 1245 1020 sibi

210 1065 242 1129 in
267 1066 327 1130 hac
349 1069 416 1132 vita
439 1067 580 1132 accidere
603 1087 710 1149 posse,
733 1069 817 1149 qnod
840 1071 883 1134 sit
904 1069 1107 1134 metuendum
1131 1066 1245 1148 (lat),

208 1177 279 1256 Qua
293 1181 346 1260 qui
363 1181 474 1245 imbuti
491 1181 565 1260 sint,
582 1199 635 1246 eos
650 1199 748 1246 unum
764 1182 880 1246 bonum
900 1181 1063 1245 declarare
1078 1181 1246 1258 rationem,

209 1310 306 1356 unum
336 1292 454 1357 malum
483 1299 619 1358 mentem
651 1295 773 1358 ratione
801 1299 961 1358 carentem
985 1291 1098 1374 (41,3).
1143 1293 1247 1356 Vehe-

209 1403 406 1469 mentissime
433 1405 549 1488 ubique
578 1408 734 1488 premitur
756 1413 843 1470 recta
866 1406 1070 1471 bonorumet
1092 1405 1246 1470 malorum

210 1517 364 1596 cogniti03
396 1518 478 1582 hanc
501 1520 553 1599 qui
587 1525 773 1585 consecutus
796 1524 859 1599 est,
897 1524 1056 1597 servatur,
1089 1519 1145 1599 qui
1174 1537 1246 1598 non,

210 1629 292 1709 perit
315 1629 414 1710 (3,3);
438 1630 563 1696 litterae
586 1631 665 1696 nihil
688 1637 823 1712 prosunt
845 1631 906 1694 nisi
929 1631 1062 1695 desieris
1084 1650 1192 1696 errare
1208 1632 1248 1696 de

212 1741 301 1807 bonis
324 1747 356 1806 et
379 1744 471 1808 malis
495 1742 613 1825 (34,2);
636 1742 717 1809 falso
741 1742 778 1808 de
801 1743 896 1808 rebus
920 1744 1031 1808 mediis
1054 1744 1168 1808 iudicio
1186 1742 1248 1806 sol-

210 1853 374 1918 licitantur
409 1855 551 1921 homines
586 1863 618 1921 et
652 1854 887 1921 calamitatibus
919 1851 1101 1920 afficiuntur
1134 1853 1247 1937 (top).

212 1964 323 2032 Omnis
345 1968 443 2046 igitur
465 1969 628 2033 beatitudo
652 1967 684 2032 in
707 1968 841 2032 scientia
864 1967 1004 2048 ponitur.

299 2078 359 2143 Sed
383 2079 434 2144 hic
461 2080 524 2144 iam
553 2080 762 2145 subsistamus
790 2086 823 2145 et
850 2081 1016 2145 audiamus
1045 2078 1248 2158 Schaberum‚

212 2191 265 2273 qui
281 2208 429 2271 magnam
445 2210 577 2273 eamque
593 2192 749 2273 duplicem
771 2193 854 2257 inter
869 2192 1031 2258 Socratem
1055 2198 1087 2256 et
1100 2191 1249 2258 Cebetem

212 2303 408 2369 intercedere
436 2305 504 2370 vult
526 2305 787 2386 discrepantiam,
817 2325 857 2370 en
880 2325 942 2387 qua
965 2305 1087 2370 elucere
1110 2303 1249 2368 studium

212 2414 335 2481 Stoicae
346 2415 396 2481 vel
409 2415 545 2499 Cynicae
557 2417 730 2482 doctrinae.
765 2417 927 2483 Socratem
940 2417 1022 2482 enim
1036 2418 1062 2482 si
1072 2433 1249 2496 sequamur,

213 2534 288 2595 ante
311 2529 417 2593 omnia
447 2545 526 2610 opus
558 2547 628 2594 esse
663 2529 809 2607 seientia3
843 2530 917 2594 inde
949 2530 1083 2595 virtutes
1115 2528 1250 2592 morales

213 2646 393 2722 rectamque
421 2641 546 2707 vivendi
580 2643 736 2708 rationem
766 2649 951 2707 manaturas
979 2661 1057 2707 esse.
1103 2641 1251 2706 Cebetem

214 2759 325 2818 contra
347 2754 483 2834 primum
506 2754 687 2820 desiderare
708 2755 935 2821 abstinentiam
951 2761 983 2820 et
1005 2754 1250 2820 moderationem

214 2863 330 2945 (162),
361 2867 526 2931 scientiam
555 2868 693 2932 secundo
719 2868 787 2932 loco
814 2865 970 2948 ponere).
1021 2865 1141 2930 Deinde
1167 2865 1252 2928 inter

215 2992 283 3039 eam
316 2977 496 3057 scientiam,
527 2995 621 3057 quam
654 2978 820 3057 intellegat
851 2978 996 3043 Socrates
1027 2983 1059 3042 et
1086 2976 1250 3042 scientiam

217 3085 343 3154 Cebetis
365 3089 398 3154 id
414 3091 578 3170 interesse,
602 3091 685 3170 qnod
708 3092 761 3155 ilie
783 3091 919 3156 uoluerit
941 3089 1099 3170 explorari
1121 3089 1196 3168 quid
1220 3091 1253 3151 et

220 3199 314 3279 quale
336 3201 368 3265 id
391 3210 476 3268 esset
497 3202 535 3268 de
558 3221 619 3284 quo
641 3209 791 3284 ageretur
813 3221 915 3284 neque
937 3201 1086 3266 iudicium
1105 3199 1173 3265 fieri
1191 3200 1252 3265 nisi

215 3317 303 3376 recta
325 3315 531 3396 omnibusque
554 3335 592 3380 ex
615 3316 759 3396 partibus
783 3315 930 3380 absoluta
945 3314 993 3378 roi
1008 3312 1191 3378 definitione
1207 3310 1252 3376 ef-

216 3421 299 3490 fecta
317 3425 746 3509 („begrifflichesWissen¹‘),
772 3427 874 3492 Cebes
888 3425 1254 3492 contrahacscientiaet

216 3539 342 3622 ompino
365 3540 544 3605 eruditione
559 3551 591 3604 et
608 3541 773 3624 disciplina
789 3540 890 3604 careri
906 3556 998 3621 posse
1016 3533 1250 3614 contenda-id).

216 3647 338 3726 Quibus
361 3652 439 3718 haec
463 3653 651 3734 respondeo:
681 3652 921 3735 primumquod
945 3650 1121 3717 Schaberus
1145 3653 1255 3714 contra

220 3787 390 3796 -———...

304 3851 330 3922 ι)
348 3853 466 3908 Schaber
484 3856 502 3910 l.
521 3857 539 3910 Ι.
559 3873 585 3926 p.
603 3859 644 3911 36.

305 3953 331 4024 ²)
350 3955 446 4012 Sebab.
465 3976 491 4028 p.
510 3963 556 4012 35:
575 3961 650 4014 Nacb
665 3975 786 4014 anserem
800 3956 931 4012 Gemtlde
943 3957 978 4009 ist
990 3955 1054 4009 aber
1067 3953 1110 4008 die
1122 3953 1255 4009 Ericennt·

216 4040 270 4094 nisa
287 4041 360 4094 eines
377 4041 491 4110 Begriiis
509 4047 563 4100 und
581 4044 837 4101 wissenscbaitliche
854 4041 971 4108 Bildung
994 4054 1044 4108 gar
1061 4040 1136 4094 nicht
1153 4041 1256 4108 ndthig,

218 4143 261 4180 um
281 4142 329 4180 zur
347 4125 457 4196 'ingena
477 4132 530 4184 und
550 4134 656 4187 wahren
678 4129 801 4186 Einaicht
819 4146 852 4184 zu
870 4127 1007 4197 galangam.

997 4213 1039 4282 3*
