3132 4874
750 337 966 402 „gg-s

341 505 500 574 Socratem
528 525 671 590 pugnare
698 509 775 574 dicit
803 509 1046 590 temperantiam
1074 513 1107 573 et
1130 505 1378 574 moderationem

340 619 491 685 scientiae
507 620 713 702 antepositas,
736 621 835 700 ipsius
851 620 991 685 Socratis
1008 620 1228 702 Xenophontei
1252 615 1376 700 (comm.

342 738 369 812 1,
383 737 412 812 5,
425 737 445 796 4
458 731 519 814 sq.)
542 733 639 797 verba
661 733 798 813 probant
821 734 1028 813 contrarium3
1052 733 1130 798 haec
1145 735 1227 798 enim
1243 735 1378 815 legimus
1473 768 1476 773 ·

339 838 760 926 apudXenophontemzdipd
768 868 805 927 ys
814 837 855 910 οὐ
863 839 923 928 χρὴ
932 840 1040 909 πάντα
1049 837 1379 930 ἅνδραὴγησὰμενον

337 948 1377 1043 τὴνέγκρὰτειανᾶρετῆςεἶναικρηπῖδαταύτηνπρώτην

338 1066 375 1132 ἐν
405 1069 444 1150 τῇ
476 1070 566 1152 ψυχῇ
600 1064 928 1147 κατασκευάσασθαις
962 1071 1011 1145 τίς
1041 1063 1106 1152 γὰρ
1140 1064 1222 1135 ἄνευ
1256 1067 1378 1152 ταύτης

338 1174 481 1262 potuerat
491 1172 665 1262 dyabo'vd)
680 1181 799 1246 Deinde
807 1181 891 1263 quod
901 1181 1079 1246 Schaberus
1089 1182 1156 1247 vult
1165 1183 1377 1262 cognitionem

337 1299 370 1358 et
385 1292 548 1358 scientiam
566 1297 653 1358 recta
673 1313 777 1358 rerum
794 1292 977 1359 definitione
991 1300 1117 1375 partam
1135 1293 1245 1360 (lebeti
1268 1313 1377 1376 super-

337 1422 509 1470 vacaneam
539 1406 640 1470 visam
671 1425 755 1485 6666,
788 1407 906 1484 666616,
938 1407 1020 1470 unde
1048 1405 1107 1472 hoc
1134 1407 1238 1488 colligi
1264 1407 1375 1487 possit.

337 1516 494 1598 Deceptus
510 1522 559 1582 est
574 1517 622 1581 vir
636 1517 747 1583 doctus
762 1518 916 1598 vocabuli,
931 1536 995 1598 quo
1010 1519 1077 1599 ipse
1092 1519 1202 1598 utitur,
1231 1519 1375 1597 „wissen-

338 1628 524 1695 schaltliche
551 1628 707 1709 Bildung“
742 1629 959 1708 ambiguitate.
1007 1629 1040 1694 Si
1068 1631 1152 1694 enim
1183 1630 1228 1695 ita
1258 1632 1375 1712 accipis

335 1743 418 1806 hanc
440 1761 560 1822 vocem,
584 1747 620 1807 ut
643 1741 799 1824 significet
821 1762 890 1808 eam
914 1742 1131 1824 eruditionem,
1155 1763 1218 1826 qua
1231 1744 1318 1808 vales
1334 1744 1375 1808 ad

338 1854 596 1936 intellegendum,
619 1856 694 1936 quid
717 1863 749 1921 61
770 1856 864 1937 quale
886 1856 929 1920 sit
948 1855 990 1934 id,
1013 1855 1052 1919 de
1068 1873 1129 1935 quo
1145 1857 1310 1938 quaeritur
1335 1893 1373 1900 —

338 1986 408 2032 eam
422 1972 530 2032 autem
546 1969 607 2032 vim
619 1968 703 2048 apud
714 1967 905 2032 Schaberum
922 1967 1074 2032 vocabulo
1091 1967 1219 2032 subesse
1233 1968 1376 2034 declarat

335 2097 432 2144 nexus
455 2080 685 2145 sententiarum
709 2115 748 2124 -
774 2097 814 2143 ne
829 2078 925 2144 verbo
940 2079 1066 2158 quidem
1084 2079 1183 2144 Cebes
1207 2079 1298 2145 docet
1315 2079 1374 2146 hac

334 2192 510 2258 eruditione
526 2211 605 2273 opus
622 2210 684 2257 non
700 2210 783 2271 esse;
807 2192 902 2256 immo
919 2191 987 2272 ipsa
1003 2209 1054 2256 res
1070 2209 1107 2254 ac
1121 2191 1204 2256 ratio
1220 2191 1373 2272 postulat,

337 2309 372 2368 ut
394 2304 421 2368 is
443 2305 497 2385 qui
521 2309 605 2369 recte
627 2311 661 2369 et
683 2305 804 2384 melius,
827 2323 921 2385 quarn
944 2302 1013 2367 fieri
1036 2304 1131 2383 solet,
1165 2303 1204 2367 de
1226 2303 1318 2368 bonis
1340 2309 1374 2368 61

334 2415 427 2480 malis
451 2417 528 2482 velit
550 2417 702 2495 iudicare,
727 2435 765 2481 ea
788 2416 837 2480 vel
861 2415 998 2480 maxime
1021 2416 1064 2480 sit
1087 2416 1270 2480 instructus.
1316 2415 1371 2481 Sin

333 2531 438 2593 autem
459 2528 781 2607 „wissenschaltliche
795 2528 954 2609 Bildung“
972 2528 1176 2608 intellegitur
1191 2529 1370 2593 litterarum

333 2640 476 2720 scientia,
499 2641 580 2705 hanc
603 2643 811 2706 necessariam
835 2659 899 2706 non
923 2660 993 2706 6666
1015 2640 1114 2705 Cebes
1137 2641 1265 2722 exponit
1287 2647 1370 2707 633

332 2770 396 2835 sq„
420 2753 529 2818 sedin
552 2754 612 2817 hac
634 2771 668 2818 re
691 2773 710 2816 a
734 2753 865 2818 Socrate
887 2770 951 2817 non
973 2753 1131 2818 dissentit.
1177 2753 1265 2818 Adde
1287 2754 1371 2835 quod

332 2863 439 2944 Stoici,
455 2883 589 2948 quorum
604 2865 780 2929 doctrinam
797 2863 973 2929 Schaberus
994 2867 1037 2946 (p.
1056 2863 1111 2944 46)
1128 2862 1277 2930 Cebetem
1293 2865 1371 2931 dicit

331 2977 510 3058 amplexum
534 2995 613 3056 esse,
638 2977 699 3058 ipsi
722 2994 846 3057 quoque
869 2977 915 3040 ita
937 2976 1060 3041 Socrati
1084 2978 1311 3056 assentiuntur,
1335 2981 1371 3042 ut

332 3089 488 3169 imprimis
512 3089 644 3153 scientia
660 3106 738 3168 opus
755 3105 824 3153 esse
840 3087 882 3152 ad
896 3088 1056 3170 virtutem,
1079 3088 1130 3153 vel
1146 3089 1252 3170 potius
1267 3087 1369 3169 ipsam

331 3201 482 3265 virtutem
512 3199 676 3264 scientiam
699 3217 768 3264 esse
790 3196 966 3281 tradant²):
997 3201 1060 3263 iarn
1083 3199 1141 3264 tibi
1164 3198 1369 3281 persuadebis

420 3405 441 3473 1)
461 3404 587 3459 Similiter
599 3405 667 3461 Xen.
686 3421 779 3460 comm.
798 3408 823 3474 4,
836 3407 860 3474 5,
873 3409 890 3460 8
909 3407 941 3471 (si
953 3405 1032 3459 modo
1051 3405 1102 3459 hoc
1114 3411 1195 3472 caput
1207 3404 1369 3471 Xenophon-

330 3490 365 3545 tis
384 3491 543 3561 credimus]:
557 3485 672 3544 Ἔοικεν
690 3482 749 3560 oid,
770 3487 839 3560 ἔφη,
860 3481 880 3544 ὦ
900 3482 1069 3560 Εὐθύδημε,
1088 3483 1203 3556 ἄριστον
1225 3482 1368 3562 ἀνθρώπῳ

331 3572 480 3647 ἐγκράτεια
500 3577 586 3648 eloam
605 3573 733 3641 Εἰκότως
750 3573 804 3647 γάρ
815 3618 838 3632 ..
857 3579 918 3633 Non
931 3593 1081 3646 repugnare
1093 3579 1161 3630 hanc
1178 3580 1369 3643 temperantiae

328 3665 540 3720 aestimationem
565 3666 611 3734 116,
634 3681 702 3732 quae
727 3664 850 3719 Socrates
874 3665 962 3719 docuit
986 3664 1018 3718 de
1044 3663 1156 3716 scientia
1182 3677 1283 3716 summo
1308 3662 1367 3717 loeo

328 3752 452 3820 ponenda
470 3752 590 3807 Zellerus
607 3751 716 3819 exponit
735 3751 831 3806 Geseh.
851 3751 874 3804 d.
893 3751 942 3806 Ph.
961 3751 986 3804 d.
1006 3750 1052 3804 Gr.
1070 3749 1099 3802 ΙΙ
1118 3753 1142 3817 1,
1161 3751 1211 3803 135
1229 3765 1255 3804 n.
1273 3751 1298 3803 2.

416 3853 440 3924 ²)
459 3855 500 3911 Ne
527 3855 617 3910 Aristo
644 3854 749 3922 quidem
784 3859 863 3919 negat
892 3853 1016 3906 virtutem
1051 3851 1189 3920 disciplina
1217 3851 1310 3919 parari
1341 3858 1367 3906 61

327 3941 463 3996 scientiam
481 3957 546 3997 6666.
584 3941 622 3997 Cf.
642 3939 736 3995 Galeni
755 3939 837 4008 Hipp.
856 3946 882 3993 61
900 3939 970 3992 Plat.
988 3939 1030 4006 5‚5
1049 3954 1075 4005 p.
1094 3940 1160 4005 468;
1180 3941 1236 4007 7,2
1254 3954 1283 4005 p.
1302 3939 1364 3992 595.

328 4028 403 4082 Unus
421 4028 563 4084 Cleanthes
580 4044 633 4083 non
651 4028 678 4082 in
696 4027 818 4095 scientia,
844 4025 889 4080 aed
909 4025 937 4077 in
955 4025 1095 4079 voluntate
1114 4025 1223 4080 tradidit
1240 4025 1366 4078 virtutem

326 4115 441 4184 positam
459 4131 524 4171 6666.
