3132 4874
628 357 843 418 ..31-

216 526 446 592 recentioribus
470 526 578 605 sectis,
601 541 732 606 quarum
748 511 838 607 quasi
863 524 934 589 lons
950 529 1021 590 erat
1036 523 1176 590 Socratis
1191 524 1254 589 dis·

216 638 343 718 ciplina,
368 643 443 703 sunt
466 638 592 703 iterata.
630 637 742 718 Itaque
764 637 994 703 ostendendum
1013 640 1084 702 erat
1098 634 1252 702 Tabulam

214 749 354 816 Socratis
381 750 559 832 praeceptis
582 748 687 814 lavere
711 750 806 813 etiam
829 750 938 830 iniis,
961 751 994 815 in
1017 748 1132 832 quibus
1154 767 1175 813 a
1198 747 1253 813 So

214 869 301 927 crate
324 862 543 928 dissenserunt
560 861 662 941 Plato,
685 861 791 939 Stoici,
816 859 936 944 Cynici,
959 879 1060 944 neque
1082 859 1253 942 quidquam

214 974 248 1038 in
275 974 334 1038 hoc
361 991 455 1056 opere
483 973 646 1052 obvenire,
675 972 841 1057 quodnisi
869 973 910 1038 ab
938 975 994 1055 iis,
1020 973 1075 1056 qui
1103 978 1176 1054 post
1198 971 1253 1037 So-

214 1091 333 1150 cratem
357 1083 495 1166 luerunt,
519 1086 584 1167 peti
608 1103 671 1150 non
693 1086 841 1167 potuerit.

301 1196 351 1262 Ad
382 1197 547 1263 Platonem
580 1202 692 1262 auctor
724 1198 1021 1278 promovisset.
1075 1198 1135 1277 Qui
1166 1197 1253 1263 locus

214 1327 286 1374 cum
308 1327 431 1389 eorum,
454 1309 508 1390 qui
531 1307 687 1374 Tabulam
711 1307 838 1374 Cebetis
860 1308 1015 1374 Socratici
1037 1327 1107 1374 esse
1129 1314 1252 1391 putant,

214 1420 391 1486 sententiae
427 1439 607 1502 repugnare
643 1421 818 1500 videretur,
852 1421 898 1486 sic
938 1422 1166 1503 interpretatus
1204 1427 1252 1486 est

214 1531 410 1598 Brackerus:
445 1533 607 1611 „Litterae
636 1539 668 1597 et
698 1533 837 1614 reliquae
868 1532 1067 1614 disciplinae,
1095 1531 1253 1614 quesnel

214 1645 282 1724 ipse
303 1643 396 1710 Plato
423 1644 549 1722 (iisdem
571 1645 673 1725 magis
695 1663 790 1725 quam
813 1663 872 1727 par
899 1649 948 1710 est
970 1643 1109 1725 deditus)
1132 1645 1252 1709 adoles·

213 1756 357 1821 centibus
390 1754 473 1821 freni
505 1758 609 1822 instar
639 1775 709 1822 csse
742 1757 816 1820 ait.“
884 1757 984 1836 Quam
1020 1757 1060 1821 ad
1099 1757 1251 1838 interpre-

214 1867 370 1933 tationem
393 1873 572 1934 contortem
594 1886 692 1949 quare
719 1868 962 1949 confugiendum
986 1869 1042 1947 sit,
1070 1885 1133 1934 uon
1160 1869 1253 1934 intel-

214 1978 294 2058 lego.
339 1979 433 2044 Unde
454 1980 537 2044 enim
562 1982 678 2047 scimus
706 1981 753 2046 ita
776 1978 925 2046 Cebetem
947 1978 1069 2046 Socrati
1093 1981 1251 2046 addictum

211 2089 324 2169 fuisse,
348 2096 384 2155 ut
406 2091 485 2156 nihil
505 2091 635 2159 aliunde
657 2098 835 2158 assumeret
857 2093 890 2156 in
907 2090 1010 2172 iisque
1033 2093 1127 2157 rebus
1151 2092 1249 2156 omni·

213 2201 274 2267 bus
296 2221 316 2266 a
336 2201 468 2268 Socrate
483 2210 586 2272 staret
600 2207 631 2270 in
649 2206 763 2288 quibus
778 2205 869 2269 Plato
886 2204 927 2268 ab
948 2205 1003 2269 illo
1023 2203 1251 2286 recesserat?¹)

214 2349 254 2360 -
278 2315 305 2379 si
327 2316 420 2382 modo
443 2318 475 2381 in
499 2318 616 2384 haere
643 2320 727 2383 inter
752 2336 788 2382 se
810 2317 1028 2383 dissenserunt
1049 2316 1197 2382 Socrates
1219 2323 1252 2380 et

215 2425 315 2492 Plato.
362 2429 423 2494 Vix
453 2431 537 2496 enim
569 2430 648 2495 mihi
678 2430 884 2512 persuadeam
915 2430 1077 2496 Socratem
1110 2430 1251 2493 Platonis

213 2541 404 2607 sententiam
422 2542 462 2608 de
482 2544 543 2624 leg.
556 2543 616 2608 Vll
630 2547 693 2608 808
717 2543 874 2624 prolatam
890 2542 988 2608 inisse
1002 2542 1249 2624 repudiaturum.

298 2653 426 2734 Eorum,
448 2657 503 2736 qni
522 2655 663 2720 auctoris
678 2655 717 2719 de
732 2653 932 2736 philosophia
954 2655 1130 2721 sententias
1146 2653 1250 2719 Plato-

212 2765 300 2830 nicus
330 2783 401 2832 esse
432 2767 614 2847 voluerunt,
646 2765 774 2830 nomina
804 2766 888 2848 apud
914 2766 1096 2831 Feurlinum
1128 2767 1250 2832 invenis

212 2883 465 2942 commemorata.
524 2879 731 2959 Argumentis
768 2882 908 2944 utuntur
938 2875 1036 2953 his¹lz
1082 2878 1250 2943 Notionem

212 2989 385 3072 opinionis,
418 3009 500 3073 quae
530 2996 580 3056 est
605 2991 637 3055 io
661 2989 798 3069 Tabula,
831 2989 1038 3056 Casaubonus
1065 2989 1159 3073 plane
1181 2991 1251 3054 vult

218 3111 391 3122 ---.-

298 3157 471 3228 ²)1nlooge
493 3160 616 3228 plurimis
639 3160 769 3228 dogmatis
787 3158 925 3227 Cebetem,
950 3159 1122 3228 Aeschinem,
1147 3165 1249 3213 ceteros

213 3243 336 3313 minores,
353 3245 399 3314 qni
418 3253 556 3316 vocantur,
574 3246 724 3301 Socraticos
736 3245 892 3313 magistrum
911 3260 988 3298 suum
1008 3251 1114 3299 secutos
1131 3260 1198 3315 esse,
1216 3261 1249 3300 ex

210 3328 252 3398 iis,
272 3343 341 3397 qnae
358 3329 391 3385 de
410 3346 502 3386 eorum
520 3330 611 3386 indole
629 3332 812 3402 comperimus,
830 3332 1000 3401 perspicuum
1018 3339 1066 3386 est.
1102 3331 1153 3386 Sed
1171 3332 1248 3386 iniis

209 3413 304 3484 rebus,
328 3416 427 3485 quibus
451 3416 539 3471 minus
562 3418 689 3472 momenti
706 3416 875 3471 tribuendum
900 3431 957 3472 esse
974 3417 1129 3485 ridebatur,
1151 3417 1250 3472 ceteris

210 3517 315 3571 qnoque
339 3504 398 3558 eins
422 3504 517 3558 aetatis
543 3503 712 3573 philosophis
735 3519 782 3560 eos
807 3519 886 3559 aures
909 3503 1079 3574 praebuisse,
1102 3503 1160 3572 ipsa
1177 3504 1250 3558 ratio

210 3587 296 3644 docet
329 3589 372 3644 De
390 3589 490 3644 litteris
506 3590 610 3658 pariter
635 3599 717 3658 atque
734 3590 872 3646 Socratem
898 3606 944 3646 eos
963 3589 1095 3646 iudicasse
1112 3589 1189 3643 testis
1207 3595 1250 3644 est

209 3673 336 3729 Themist
354 3690 394 3730 or.
406 3677 449 3742 34,
457 3677 482 3728 5.
513 3673 562 3728 Cui
574 3690 627 3729 non
639 3675 858 3744 repugnabimus,
869 3676 892 3731 si
905 3676 1031 3730 Cebetem
1042 3674 1109 3728 illud
1122 3672 1249 3728 iudicium

211 3759 332 3816 Platonis
349 3763 523 3831 assumpsime
541 3769 701 3832 statuemus,
719 3763 791 3832 quod
810 3764 857 3832 iis,
876 3778 944 3834 quae
963 3761 1127 3817 Themistius
1145 3760 1178 3814 de
1196 3759 1249 3814 dis·

210 3847 331 3904 censione
349 3847 547 3902 Socraticorum
565 3855 593 3902 et
610 3848 731 3904 Platonis
750 3851 882 3919 exposuit,
899 3864 952 3903 non
971 3849 1100 3916 mugitor.

297 3947 319 4016 ¹)
338 3950 380 4005 De
398 3949 593 4021 Pythagoricae
619 3951 760 4006 doctrinae
784 3952 915 4021 vestigiis,
943 3965 1012 4020 quae
1029 3947 1150 4003 nonnulli
1168 3947 1248 4002 docu-

209 4042 298 4088 mento
315 4051 374 4090 esse
400 4037 544 4092 voluerunt
566 4045 703 4093 auctorem
729 4036 796 4093 Tab.
817 4039 983 4093 Platonicum
1007 4035 1092 4090 luisse
1118 4051 1142 4088 r.
1167 4049 1248 4102 supra

207 4123 344 4192 puoso.
