3124 4870
656 370 695 380 ..
742 339 782 402 93

243 509 314 573 dem
335 510 393 575 abs
415 529 451 576 re
473 528 542 578 esse
564 510 642 577 mihi
664 512 790 577 videtur
812 529 1069 594 commemorare,
1093 513 1126 578 in
1150 511 1282 596 Cynico·

242 639 313 686 rum
335 641 415 704 quae
437 623 583 689 feruntur
598 625 744 705 epistulis
760 625 859 705 ipsam
880 623 978 706 illam,
1001 642 1096 705 quam
1112 625 1145 689 in
1161 625 1282 691 Tabula

242 733 435 801 illustratam
450 736 636 818 invenimus,
653 737 823 817 imaginem
839 737 910 801 viae
930 754 1061 819 asperae
1075 737 1115 802 ad
1130 737 1281 804 virtutem

244 844 374 911 ferentis
396 847 669 931 Beatitudinisque
699 849 734 912 in
763 867 885 914 summo
919 854 1026 914 monte
1055 850 1194 914 sedentis
1217 867 1280 914 non

243 977 315 1025 raro
338 978 510 1025 occurrere.
549 959 594 1025 Of.
620 963 710 1042 epist.
730 967 780 1040 12,
803 981 835 1043 p.
851 966 913 1026 238
938 960 1067 1026 Herch.:
1091 955 1172 1026 ὅταν
1196 953 1280 1026 δ’ἐπὶ

243 1064 305 1154 τὴν
327 1063 412 1136 ὁδὸν
434 1065 619 1155 ἀφίκωνται
640 1070 696 1137 καὶ
718 1066 820 1155 αὐτῆς
834 1067 897 1156 τὴν
913 1067 1115 1155 χαλεπότητα
1130 1069 1279 1138 θεάσων-

243 1206 296 1247 ται
311 1175 355 1260 ὡς
370 1177 595 1261 ἀσθενοῦντες
618 1177 721 1250 ὀπίσω
744 1179 988 1270 ἀναχωροῦσιν,
1010 1181 1079 1251 εἶτα
1094 1185 1284 1271 μέμφονταί

243 1317 309 1360 πον
332 1288 394 1380 οὐχ
416 1290 528 1363 αὐτῶν
551 1291 613 1380 τὴν
627 1302 802 1381 μαλακίαν,
825 1291 908 1364 ἀλλά
924 1293 985 1382 τὴν
1000 1289 1097 1382 ἡμῶν
1112 1291 1279 1364 ἀπάθειαν

244 1427 312 1474 cum
334 1410 413 1476 Tab.
438 1416 493 1491 27;
517 1417 615 1493 28,2;
639 1412 730 1494 epist.
755 1417 795 1478 38
818 1431 848 1494 p.
871 1417 932 1478 252
948 1412 1064 1478 Herch.
1088 1410 1125 1476 ἐν
1146 1415 1186 1494 τῇ
1209 1403 1278 1498 ὁδῷ

243 1524 282 1606 τῇ
308 1519 460 1608 φερούσῃ
489 1516 535 1589 ἐπ’
565 1517 873 1612 εὐδαιμονίαν...
902 1525 939 1590 ἐν
966 1521 1056 1614 τόπῳ
1080 1516 1278 1612 ὀχυρωτάτῳ

243 1632 297 1698 καὶ
325 1629 609 1726 ἀποκρημνοτάτω
637 1640 717 1719 μίαν
744 1629 828 1702 ὁδὸν
848 1632 1020 1722 προσάντη
1047 1635 1103 1702 καὶ
1123 1647 1279 1720 τραχεῖαν

243 1743 447 1829 ἱδρύσασθαι
470 1768 540 1814 cum
562 1750 640 1815 Tab.
663 1755 712 1816 15.
751 1750 849 1831 Epist.
874 1756 915 1816 30
938 1751 1014 1815 item
1037 1751 1143 1831 agitur
1165 1750 1203 1814 de
1225 1750 1279 1814 via

242 1860 274 1924 in
303 1879 408 1926 arcem
438 1861 491 1942 (ci.
522 1861 599 1926 Tab.
628 1867 680 1943 21,
693 1861 727 1942 2)
757 1868 790 1927 et
817 1861 859 1926 ad
884 1863 1118 1927 Beatitudinem
1147 1862 1278 1927 ferente.

243 1971 332 2050 Quae
354 1974 509 2055 epistulae
530 1975 605 2040 licet
621 1992 729 2040 omnes
753 1975 940 2041 subdititiae
962 1976 1027 2040 sint
1041 1973 1278 2055 existimandae,

242 2084 276 2148 id
291 2093 397 2152 tamen
417 2087 470 2151 vix
492 2087 657 2168 quisquam
680 2086 819 2168 negabit,
837 2105 945 2152 earum
968 2093 1113 2151 auctores
1136 2087 1175 2150 iis
1197 2085 1277 2151 ima-

242 2198 368 2278 ginibus
389 2217 464 2264 usos
487 2216 564 2279 esse,
588 2219 666 2281 quas
683 2200 808 2282 Cynicis
831 2207 865 2266 et
880 2200 994 2266 Stoicis
1016 2217 1051 2263 re
1066 2216 1140 2263 vera
1161 2199 1195 2263 in
1218 2217 1278 2264 usu

241 2311 338 2378 fuisse
366 2312 518 2377 sciebant.
563 2311 668 2389 Quid?
697 2313 779 2395 quod
809 2318 875 2378 tam
904 2317 972 2376 arte
1001 2329 1072 2377 cum
1099 2310 1277 2375 Stoicorum

241 2422 408 2504 disciplina
425 2425 723 2506 prosopopoeiarum
737 2442 814 2489 usus
830 2423 1026 2504 cohaerebat,
1045 2429 1092 2504 ut,
1107 2423 1277 2488 Plutarcho

240 2535 337 2614 (Plac.
357 2535 469 2616 1‚6,9)
492 2537 520 2602 si
542 2533 634 2602 fidem
656 2537 828 2618 habemus,
850 2554 947 2601 unum
970 2553 1008 2600 ex
1031 2534 1158 2601 deorum
1181 2553 1276 2615 gene·

240 2648 328 2713 ribos
350 2665 420 2714 esse
443 2654 622 2715 statuerent
640 2645 815 2734 πράγματα
839 2655 872 2714 et
890 2643 1004 2729 πίθῃ,
1025 2650 1114 2714 velut
1130 2639 1276 2728 Ἐλπίδα,

240 2763 361 2845 Δίκην,
383 2753 571 2845 Εὐνομίαν,
585 2757 733 2848 Ἔρωτα,
756 2757 888 2828 Πόθον.

327 2875 439 2957 ltaque
465 2893 546 2957 quae
573 2893 670 2956 supra
698 2875 737 2939 de
764 2871 938 2940 artificibus
961 2872 1146 2952 statuimus,
1169 2889 1208 2937 ea
1229 2872 1277 2938 ita

240 2993 419 3066 congruunt
439 3006 510 3053 cum
526 2988 587 3054 bac
602 2988 641 3053 de
662 2988 814 3053 librorum
837 2986 1018 3051 auctoribus
1033 2990 1066 3050 et
1079 2985 1275 3068 philosophis

240 3098 436 3179 quaestione,
465 3105 502 3165 ut
531 3118 569 3165 er
596 3100 646 3165 his
668 3117 793 3183 quoque
816 3115 869 3164 cos
897 3096 1032 3162 maxime
1054 3097 1275 3176 allegoriarum

240 3210 273 3269 et
294 3213 590 3293 prosopopoeiamm
606 3213 677 3276 usui
699 3211 868 3276 indulsisse
882 3209 1055 3289 videamus,
1078 3208 1132 3288 qui
1147 3206 1275 3272 fuerunt

237 3325 311 3400 post
327 3321 549 3389 Alexandrum.
588 3323 660 3388 Jam
675 3325 804 3405 quinam
827 3323 860 3387 in
884 3337 922 3387 ea
942 3337 978 3384 re
992 3321 1162 3402 plurimum
1177 3318 1275 3386 studii

237 3433 401 3513 posuerint
422 3452 618 3517 quorumque
638 3436 862 3500 translationes
884 3433 1027 3515 proxime
1048 3433 1153 3498 absint
1174 3451 1194 3497 a
1213 3433 1273 3497 Ta-

238 3544 313 3610 bula
333 3547 361 3612 si
384 3550 575 3629 quaerimus,
599 3546 640 3611 ad
660 3548 763 3628 prima
783 3550 855 3629 post
877 3543 949 3610 Chr.
966 3564 998 3612 n.
1019 3547 1144 3612 saecula
1165 3545 1274 3610 remit-

238 3657 343 3722 timur.
399 3657 577 3727 Drosihnus
611 3659 654 3743 (p.
681 3661 749 3742 14),
782 3665 935 3741 quantum
966 3658 1024 3723 hac
1057 3661 1163 3723 aetate
1189 3654 1273 3735 apud

237 3773 348 3849 poetas
364 3772 523 3840 Romanos
546 3773 739 3839 consuetudo
761 3772 930 3850 allegorias
944 3768 1082 3852 fingendi
1104 3766 1274 3831 invaluerit

236 3887 269 3947 et
290 3900 383 3964 quam
410 3886 513 3952 crebri
538 3889 573 3951 in
600 3885 659 3950 hac
683 3903 720 3950 re
746 3883 866 3950 fuerint
888 3883 949 3947 Dio
977 3882 1218 3963 chrysostomus
1240 3885 1273 3944 et

235 4033 365 4104 tudinem,
385 4036 517 4093 Virtutem
535 4037 615 4092 finxit
631 4036 705 4106 apud
724 4035 841 4090 Graecos
859 4033 892 4088 de
909 4032 1000 4101 palma
1016 4039 1158 4089 consumo.
1188 4029 1272 4100 (Sext.

235 4119 340 4190 Empir.
358 4123 418 4178 adv.
436 4125 520 4179 math.
538 4125 578 4179 XI
595 4125 708 4195 tr-oa,
725 4120 803 4180 Muli.
819 4118 855 4176 fr.
872 4117 939 4192 phil.
957 4120 1051 4178 Graec.
1068 4119 1109 4174 III
1126 4135 1152 4188 p.
1167 4115 1272 4187 lbosq.)
