3132 4874
724 355 850 415 ..54
895 385 935 395 --

313 517 499 598 sapientiam
530 520 660 602 posse“,
691 539 760 586 cum
783 523 884 589 virtus
915 542 978 589 non
1007 543 1063 605 per
1089 526 1165 590 baec
1194 526 1348 607 discatur;

314 629 491 696 hanovere
514 634 731 699 necessitatem
755 636 781 700 si
803 636 976 717 intellegis,
1000 642 1085 703 artes
1107 637 1252 703 liberales
1275 643 1351 703 suut

313 743 406 823 illud,
440 745 527 825 ,sine
555 764 616 827 quo
645 764 710 812 non
739 753 844 828 potest
871 747 957 813 fieri“
989 750 1099 816 virtus.
1150 750 1225 816 Pari
1256 751 1350 817 modo

315 853 429 937 duplex
460 856 543 939 apud
574 855 723 923 cebetem
751 859 973 942 distinguenda
1004 867 1053 926 est
1088 863 1223 929 utilitas:
1258 863 1350 928 utilia

315 967 399 1032 enim
422 973 454 1032 et
477 986 514 1032 ea
535 976 621 1052 sunt,
645 989 724 1053 quae
745 990 802 1052 per
824 989 858 1037 se
879 972 950 1053 ipsa
971 980 1118 1054 prosunt,
1142 981 1174 1040 et
1196 994 1245 1054 aa,
1269 994 1351 1055 quae

315 1098 504 1164 quamquam
520 1099 576 1163 per
599 1101 633 1147 se
655 1083 726 1164 ipsa
740 1103 797 1164 pro
820 1084 918 1150 nihilo
934 1091 1008 1150 sunt
1023 1085 1172 1166 ducenda,
1195 1086 1226 1151 id
1243 1092 1350 1152 tamen

316 1189 465 1272 efficiunt,
481 1198 517 1257 ut
528 1182 652 1259 facilius
664 1197 718 1260 illa
729 1214 963 1278 consequamur.
1000 1198 1100 1277 Quam
1113 1199 1350 1264 distinctionem

316 1305 344 1368 si
366 1309 510 1371 tenemus
528 1339 565 1352 -
583 1324 676 1388 quam
700 1308 885 1374 Germanice
908 1311 1080 1391 exprimam
1095 1311 1257 1376 vocabulis
1284 1310 1351 1391 ,di-

315 1417 422 1483 rekter
444 1417 585 1484 Nutnen“
612 1426 644 1485 et
678 1421 870 1502 „indirelrter
892 1422 1035 1488 Nutzen“
1067 1459 1106 1468 —
1135 1422 1242 1503 facile,
1276 1424 1352 1505 quid

318 1527 416 1595 (lebes
447 1530 598 1611 voluerit,
630 1532 835 1614 intellegitur.
888 1535 980 1599 illam
1011 1537 1092 1600 euim
1122 1536 1295 1600 utilitatem
1324 1536 1352 1601 si

318 1644 455 1719 enectae,
487 1659 549 1722 qua
577 1661 634 1724 per
665 1663 699 1709 se
729 1646 816 1726 ipsae
846 1665 898 1714 res
927 1654 1001 1713 suut
1033 1649 1242 1730 appetendae,
1273 1647 1353 1712 nihil

316 1756 448 1832 prosunt
470 1758 556 1818 artes
577 1755 724 1822 liberales
751 1777 852 1839 neque
875 1759 1044 1840 quidquem
1071 1761 1123 1841 qui
1151 1761 1196 1825 eis
1224 1759 1353 1824 student

318 1863 494 1943 superiores
521 1872 595 1931 sunt
626 1867 679 1949 iis,
710 1871 763 1951 qui
791 1889 896 1936 earum
921 1872 1054 1937 scientia
1081 1877 1191 1938 carent
1219 1869 1260 1953 (c,
1287 1871 1352 1950 34).

317 1974 391 2040 Una
413 1977 496 2041 enim
518 1995 570 2043 res
586 1982 760 2061 expetenda
782 1989 842 2064 est,
864 2003 987 2049 morum
1010 1985 1172 2065 correctio,
1196 1985 1236 2049 ad
1260 2003 1354 2066 quam

318 2086 374 2152 illa
401 2106 463 2154 non
486 2091 656 2171 pertinent.
701 2093 756 2160 Sin
783 2100 887 2161 autem
916 2097 1001 2161 illam
1026 2097 1239 2177 intellegimus
1267 2097 1353 2161 utili-

318 2203 432 2278 tatem,
465 2219 558 2282 quam
588 2221 625 2267 ea
641 2205 786 2287 babent,
816 2207 929 2289 quibus
951 2225 1003 2272 res
1025 2228 1082 2291 per
1104 2226 1137 2274 se
1161 2209 1354 2291 appetendas

319 2309 443 2378 facilius
467 2315 699 2400 consequimur,
722 2320 816 2385 utiles
840 2326 915 2386 sunt
937 2326 1022 2386 artes
1045 2321 1189 2386 liberales
1212 2321 1290 2386 duas
1314 2322 1362 2394 ob¹

319 2450 444 2498 causas:
475 2433 610 2514 primum
633 2434 716 2502 enim
739 2433 821 2498 freni
842 2433 945 2498 instar
966 2434 1152 2516 impediunt,
1175 2450 1215 2497 ne
1238 2433 1277 2498 ad
1300 2433 1354 2498 de-

319 2543 438 2609 teriora
468 2546 573 2612 studia
596 2548 755 2614 delabaris
778 2544 895 2628 (33,3);
925 2546 1040 2612 deiude
1062 2545 1217 2628 efficiunt,
1246 2551 1284 2611 ut
1305 2546 1354 2610 iu-

320 2656 492 2738 tellegendi
507 2659 656 2726 facultate
671 2661 791 2726 acriore
811 2660 987 2725 instructus
1010 2660 1050 2726 ad
1064 2660 1191 2724 virtutis
1214 2659 1355 2723 studium

321 2770 527 2850 aggrediaris.
585 2772 673 2838 Haec
706 2773 791 2839 euim
827 2772 985 2837 sententia
1014 2791 1033 2838 a
1064 2770 1181 2838 Seneca
1212 2770 1356 2852 pluribus

322 2883 466 2964 exposita
498 2883 627 2952 subesse
659 2884 736 2950 mihi
769 2884 895 2952 videtur
928 2883 958 2949 ei
990 2885 1072 2964 loco,
1112 2884 1165 2966 qui
1198 2888 1247 2948 est
1281 2880 1356 2948 (leb.

321 2995 398 3062 Tab.
423 2993 543 3079 33,6¹).

409 3106 620 3175 consentiunt
630 3108 730 3193 igitur
742 3108 842 3176 Cebes
859 3113 891 3175 et
904 3108 1022 3175 Seneca
1038 3108 1161 3175 artibus
1174 3106 1357 3172 liberalibus

321 3221 538 3301 προπαιδείας
559 3222 717 3303 quandam
741 3221 913 3287 utilitatem
936 3221 1139 3287 tribuendam
1162 3238 1246 3298 esse3
1269 3219 1357 3301 ipsas

321 3348 397 3396 vero
421 3332 453 3397 in
475 3333 566 3399 bonis
589 3350 658 3400 esse
680 3334 730 3398 vel
752 3352 809 3415 per
831 3352 865 3400 se
887 3332 1079 3416 expetendas
1099 3336 1229 3414 negant.
1275 3330 1356 3396 lllud

322 3447 428 3509 tamen
452 3445 587 3512 interest
609 3445 692 3511 inter
716 3445 863 3512 Cebetem
887 3451 919 3512 et
942 3445 1108 3526 Senecam,
1135 3444 1217 3526 quod
1240 3443 1359 3512 Seneca

411 3615 432 3686 ¹)
451 3615 506 3671 Gur
527 3615 595 3670 illud
620 3605 819 3686 ἀκριβέστερον
843 3610 896 3684 γὰρ
921 3608 958 3669 ἄν
981 3608 1190 3683 tiburtinorum
1207 3614 1358 3668 mutilatum

323 3703 453 3772 glossema
477 3719 533 3760 esse
557 3702 622 3760 velit
645 3703 810 3772 Drosihnus,
836 3719 889 3758 uon
912 3703 1046 3771 intellego,
1085 3700 1263 3756 Enuutiatum
1289 3701 1360 3756 enim

325 3791 523 3861 condicionale,
547 3790 616 3861 quod
635 3790 724 3858 deest,
747 3790 874 3844 facillime
898 3797 988 3860 potest
1005 3786 1133 3857 suppleri.
1168 3787 1361 3856 Interpolatori

324 3884 411 3931 autem
429 3893 483 3932 non
501 3884 542 3934 est
559 3893 608 3934 cur
626 3877 693 3931 haec
709 3875 839 3931 vocabula
856 3875 1020 3942 tribuamus,
1045 3890 1105 3928 oum
1130 3879 1158 3929 et
1182 3875 1281 3944 optime
1299 3889 1361 3930 con-

324 3963 434 4017 veniant
451 3979 511 4018 oum
529 3979 600 4019 nexu
618 3963 808 4019 sententiarum
820 3977 905 4030 neque
918 3961 1059 4030 quidquam
1072 3960 1190 4016 habeant
1208 3959 1361 4016 offensionis

323 4056 351 4104 st
368 4049 485 4118 optimus
498 4049 592 4120 codex,
610 4066 689 4120 quem
706 4049 734 4103 in
752 4049 804 4104 hae
821 4054 899 4118 parte
917 4047 980 4102 libri
998 4053 1089 4103 textus
1101 4047 1282 4104 constituendi
1299 4061 1361 4101 uor-

327 4151 396 4194 mam
416 4150 474 4192 esso
491 4135 588 4194 debere
605 4136 753 4193 Muellerus
771 4135 895 4206 ostendit,
912 4149 945 4191 es
962 4133 1096 4192 exhibeat.
