3124 4870
619 324 854 386 -125—

217 493 279 560 luit
301 493 420 576 (5,41);
445 492 490 576 (irl
513 493 596 573 quod
613 510 675 556 non
693 494 948 557 commemoravit
971 491 1177 572 Drosihnus);
1201 491 1255 556 sed

220 625 374 688 nusquam
397 606 458 670 nisi
481 606 541 670 hoc
563 603 704 669 Tabulae
727 604 795 670 loco
818 603 977 685 significat
1004 601 1176 681 ,calcare“.

304 712 574 800 (σαραλλάσσω
607 713 710 799 [35,2]
741 719 850 783 cadem
882 717 1105 798 praetereundi
1137 713 1257 796 signifi-

219 829 343 895 catione
365 847 385 893 α
407 829 615 911 Xenophonte
637 828 814 896 adhibitum
838 833 886 894 est
908 829 992 894 Hell.
1018 835 1047 908 5,
1066 837 1095 908 l,
1114 828 1178 908 12.)

306 944 517 1024 παρνσηρῶ
542 943 622 1022 (ab)
644 942 691 1006 ita
714 948 749 1007 ut
769 939 964 1024 significaret
989 941 1169 1020 ,insidiari“
1194 941 1259 1020 pri·

220 1070 288 1117 mus
311 1054 475 1134 usurparit
490 1054 688 1133 Aristoteles,
712 1061 784 1136 post
800 1052 958 1136 Polybius.
997 1053 1136 1118 Verbum
1153 1073 1257 1132 σαρα-

218 1165 307 1245 σηριό
336 1165 420 1246 apud
442 1164 645 1232 Plutarchum
677 1186 740 1232 non
770 1167 921 1244 occurrit,
945 1166 1000 1230 sed
1023 1165 1257 1230 substantivum

219 1269 445 1358 παρατήρησις
467 1277 648 1359 significans
670 1278 916 1342 insidiationem.

308 1379 468 1468 πάσχων
491 1388 604 1470 (26,1).
629 1389 726 1454 codd.
748 1406 856 1454 omnes
878 1395 1005 1468 praeter
1019 1393 1063 1451 M
1081 1389 1148 1470 (qui
1170 1406 1259 1469 prae·

222 1495 276 1559 bet
306 1490 502 1578 κάμνοντες)
531 1499 681 1563 exhibent
706 1494 902 1580 πάσχοντες,
933 1499 1016 1580 quod
1047 1500 1258 1581 recipiendum

222 1611 286 1684 est,
310 1625 379 1671 cum
409 1595 585 1689 scripturae
605 1629 644 1674 ex
665 1612 706 1672 M
727 1608 843 1672 allatae
865 1627 928 1673 non
949 1610 1048 1690 pluris
1071 1629 1164 1691 quam
1188 1628 1261 1674 con-

223 1717 364 1782 iecturae
393 1721 575 1801 quorumvis
605 1721 767 1786 doctorum
798 1718 935 1783 virorum
965 1721 1030 1784 sint
1052 1719 1215 1786 faciendae
1224 1721 1258 1801 ¹).

224 1827 293 1894 Hac
315 1834 422 1895 autem
438 1829 679 1912 significatione,
702 1838 739 1898 ut
761 1825 901 1914 πάσχειν
916 1831 959 1895 sit
975 1832 1082 1896 morbo
1105 1831 1260 1913 laborare,

225 1939 284 2006 hoc
306 1942 403 2008 verbo
427 1946 559 2008 utuntur
582 1943 794 2026 Hippocrates
816 1949 849 2009 et
870 1942 1066 2008 Plutarchus.

310 2054 640 2137 (Περιπατητικοί
661 2054 764 2138 [13,2]
784 2057 824 2119 ab
842 2053 1071 2136 interpolatore
1092 2054 1192 2118 videri
1215 2055 1262 2119 in·

226 2171 345 2231 sertum
377 2183 447 2232 esse
478 2185 575 2249 supra
605 2168 742 2233 vidimus
770 2188 801 2251 p.
825 2173 862 2232 21
878 2187 923 2250 sq.
961 2167 1010 2232 Ex
1036 2167 1090 2244 iis,
1118 2166 1172 2247 qui
1202 2164 1262 2231 hoc

224 2279 350 2344 nominc
373 2283 522 2358 utuntur,
545 2280 782 2361 antiquissimus
805 2286 855 2346 cst
871 2279 981 2345 Cicero
1003 2278 1093 2343 acad.
1113 2283 1193 2356 1,4,
1212 2283 1260 2342 18.

225 2391 394 2457 Praeterea
424 2394 686 2473 Περιπατητικοί
713 2396 999 2458 commemorantur
1032 2411 1052 2457 a
1085 2390 1262 2470 Plutarcho,

225 2503 374 2583 Luciano,
398 2503 540 2584 Diogene
562 2502 715 2583 Laertio).

310 2613 536 2694 (πλέκεσθαι
559 2608 658 2696 πρός
680 2637 769 2679 τινα
786 2620 857 2694 6,2.
890 2613 987 2681 codd.
1004 2633 1111 2681 omncs
1125 2611 1263 2678 πλέκον-

224 2748 295 2808 rar,
323 2729 367 2790 Μ
388 2725 649 2808 περιπλέκονται.
711 2726 808 2792 Recte
838 2725 1013 2793 Jerramius
1046 2726 1156 2793 fecisse
1187 2724 1263 2789 mihi

225 2837 360 2917 ridetur,
383 2838 465 2920 quod
488 2839 612 2904 codices
627 2838 699 2904 illos
714 2844 839 2905 secutus
859 2845 918 2905 est.
963 2837 1055 2916 Quod
1077 2838 1161 2902 enim
1175 2835 1264 2902 verbi

225 2947 404 3014 πλένεσθνι
435 2968 505 3014 cum
534 2945 618 3032 πρός
650 2951 887 3033 praepositione
920 2949 1080 3017 coniuncti
1121 2949 1263 3030 exempla

226 3057 332 3124 afferri
355 3066 527 3143 nequeunt,
550 3079 626 3127 casu
647 3063 708 3128 hoc
729 3061 875 3127 effectum
898 3068 949 3128 est
970 3080 1071 3144 neque
1091 3061 1262 3145 quidquam

226 3170 282 3234 illa
308 3175 469 3238 structura
497 3172 608 3253 habet,
642 3174 767 3256 quoda
794 3174 895 3239 bonae
922 3172 1113 3240 Graecitatis
1139 3174 1264 3240 ratione

226 3280 453 3365 abhorreant.)

312 3389 521 3476 περισσάν
544 3397 646 3478 (33,3)
669 3397 806 3480 metaph.
835 3397 1024 3478 adhibitum,
1053 3403 1089 3464 ut
1111 3399 1154 3465 sit
1180 3399 1265 3482 ,ani-

227 3525 314 3571 mum
337 3512 372 3573 et
399 3508 623 3588 cogitationem
651 3509 837 3577 abstrahere
862 3509 905 3574 ab
930 3509 1038 3590 aliqua
1059 3510 1112 3574 re“
1141 3512 1265 3577 invenis

226 3618 310 3698 apud
331 3617 497 3701 Polybium
520 3626 553 3687 ct
574 3621 788 3689 Plutarchum.

313 3751 658 3827 Umfflfflpwm

316 3839 341 3908 ²)
360 3839 563 3914 σερικλέκομαι
580 3839 652 3913 πρός
663 3863 737 3914 τινα,
755 3844 827 3914 qnod
839 3845 942 3914 recepit
958 3843 1119 3915 Drosihnns,
1131 3859 1165 3900 na
1176 3845 1264 3914 ipram

226 3925 335 3995 quidem
362 3925 430 3982 alian
456 3928 595 3984 invenitur.
631 3929 763 4008 Seclhoo
792 3930 928 3985 Drobsiuo
955 3929 1095 3984 offensioni
1124 3945 1181 3987 asae
1210 3948 1263 3986 non

226 4011 354 4082 debebat,
378 4028 438 4068 cnm
455 4014 523 4070 baec
541 4030 647 4084 quoquc
669 4023 805 4072 structura
829 4016 897 4070 nihil
921 4015 1032 4070 haberet
1054 4017 1126 4085 quod
1151 4032 1169 4073 a
1194 4019 1265 4074 bona

227 4099 381 4156 Graecitate
398 4099 513 4155 alienum
532 4109 612 4158 canet.
