3124 4870
584 328 798 387 ..97-

171 503 336 586 μειδιῶσα
348 497 403 564 καὶ
415 491 664 582 ὑπισχνουμένη
680 498 809 579 πλῆθος
824 487 975 578 άγαθων,
991 484 1035 568 ὥς
1049 484 1095 556 ἐπ’
1109 482 1216 573 αὐτὴν

170 611 302 699 άγουσα
331 607 394 696 τὴν
422 604 656 692 εὖδαιμονίαν;
691 609 729 674 de
756 610 864 672 eadent
893 627 922 688 p.
947 611 1003 671 88:
1036 597 1154 684 Ἀπάτη
1178 601 1216 669 δὲ

171 726 226 792 καὶ
252 722 362 813 τούτῳ
390 722 567 806 παρέπεται
598 726 643 810 τῷ
668 723 803 802 δαίμονι
826 713 965 786 ἁπασῶν
987 713 1215 798 πιθανωτάτη.

173 843 250 909 (ium
275 842 325 907 his
350 859 389 904 ert
413 837 539 904 Cebetis
562 837 685 900 Tabula
711 835 789 899 haee
811 837 1024 916 comparanda
1047 843 1133 902 sunt:
1163 841 1212 915 5‚1

172 947 292 1036 Ἀπάτη
310 953 426 1017 dieitur
441 946 583 1033 πιθανής
608 955 658 1028 6,3
676 948 857 1030 Opiniones,
874 948 1081 1030 Cupiditates
1097 951 1216 1029 Volup-

176 1073 258 1131 tates
282 1062 539 1148 ἐπαγγέλλονται
563 1055 607 1138 ὡς
630 1059 682 1126 ἐπὶ
705 1053 745 1123 τά
767 1059 920 1142 βέλτιστα
942 1056 1082 1140 άξουσαι
1100 1059 1155 1126 καὶ
1171 1065 1217 1139 εἰς

134 1228 140 1237 .
175 1183 252 1259 βίον
275 1171 461 1257 εὐδαίμονα
483 1172 539 1240 καὶ
561 1177 724 1257 λυσιτελη.
771 1180 819 1255 o‚1
845 1174 1217 1255 Vitiafingunturusuo-

180 1289 344 1374 σμημέναι
368 1283 478 1370 ὥσπερ
501 1287 629 1369 ἑταῖραι
652 1283 837 1368 eistete).
884 1289 1001 1352 Genios
1032 1289 1102 1351 iilos
1128 1290 1217 1369 quasi

179 1402 320 1467 furentes
344 1402 436 1465 duces
460 1401 603 1482 sequ-itur
623 1402 734 1479 vulgus
751 1401 910 1463 indoctum
936 1405 986 1476 79,
1006 1405 1043 1462 12
1069 1397 1120 1479 (ei.
1138 1399 1216 1463 Tab.

177 1534 204 1580 c.
218 1515 260 1597 t).
278 1514 441 1577 Avaritiae
456 1513 566 1592 genius
578 1519 743 1593 praeterea
755 1517 804 1576 est
819 1530 928 1575 caecus
945 1514 1070 1593 (81,10;
1086 1513 1217 1593 τυφλοῦ

178 1629 315 1701 δικαίως
341 1621 397 1690 καὶ
430 1623 613 1707 λεγομένου
643 1619 697 1686 καὶ
727 1623 945 1706 γραφομένου
976 1627 1038 1687 τοῦ
1069 1618 1218 1687 πλούτου
1319 1627 1322 1634 “

178 1734 380 1822 τυφλότερος
395 1731 545 1818 ἐραστής)
553 1733 589 1814 ²).
621 1736 791 1798 Praeterea
806 1754 1014 1801 commemoro
1031 1734 1219 1815 cupiditates

180 1871 209 1932 p.
237 1857 280 1915 84
308 1852 328 1914 i.
354 1855 394 1912 28
429 1849 567 1912 humana
603 1849 705 1928 speeie
738 1849 865 1912 indutos
900 1841 1047 1931 (ἀγέσθω
1082 1843 1119 1910 δὲ
1152 1840 1218 1911 ὑπὸ

179 1965 352 2044 γυναικῶν
374 1952 608 2043 άναισχύντων
625 1956 680 2024 καὶ
697 1951 891 2025 ἀκολάστων
907 1960 1095 2041 ἐπιθυμιῶν
1117 1983 1219 2024 τινων

180 2074 428 2158 λεγομένωνθ).
474 2074 643 2154 Voluptas,
681 2091 762 2153 quae
792 2092 837 2137 or.
867 2081 888 2138 4
914 2093 945 2154 p.
969 2079 1009 2137 82
1041 2077 1145 2136 etot.
1180 2078 1218 2137 12

181 2207 210 2268 p.
228 2193 289 2252 224
313 2188 391 2252 deae
406 2194 511 2268 partes
532 2188 609 2267 egit,
634 2205 678 2250 or.
696 2191 715 2248 8
738 2206 767 2266 p.
787 2194 847 2252 149
871 2188 1013 2251 laborum
1030 2193 1061 2252 et
1076 2187 1221 2256 miseriae

183 2300 362 2365 horninibus
385 2319 478 2365 eausa
501 2301 637 2364 exsistit:
661 2291 763 2383 ἡγὰρ
777 2294 883 2385 ἡδονὴ
903 2296 1094 2384 κρατήσασα
1109 2293 1222 2366 αὐτῶν

181 2410 236 2477 καὶ
257 2414 498 2495 παραλαβοῦσα
521 2425 590 2489 τοῖς
610 2409 728 2488 πόνοις
747 2417 955 2497 παραδίδωσι
970 2416 1039 2489 τοῖς
1055 2411 1222 2495 ἐχθίστοις

184 2522 239 2588 καὶ
262 2521 511 2607 χαλεπωτάτοις.
562 2527 648 2590 Haec
678 2528 819 2606 proxime
852 2527 1007 2590 absunta
1041 2525 1117 2590 Tab.
1154 2531 1220 2606 9,4:

183 2630 400 2721 ἀναγκάζεται
422 2635 558 2715 ταύταις
579 2651 651 2715 ταῖς
672 2638 805 2721 γυναιξὶ
828 2636 1003 2705 δουλεύειν
1017 2691 1023 2704 .
1038 2688 1045 2703 .
1060 2687 1066 2701 .
1079 2637 1222 2720 παραδέ-

184 2751 300 2814 δονται
315 2754 354 2834 τῇ
374 2755 530 2839 Τιμωρίᾳ.
566 2753 686 2818 Deinde
702 2754 785 2817 utin
802 2754 921 2818 Tabula
936 2753 1078 2816 homines
1091 2749 1222 2815 Fraudis

184 2906 354 2914 ——-——-

278 2987 299 3056 ¹)
317 2988 444 3042 Similiter
456 2990 482 3043 in
495 2990 589 3044 Dionis
601 2989 778 3058 descriptione
790 2991 859 3058 genii
872 2991 999 3044 avaritiae
1011 3009 1030 3060 p
1050 2995 1097 3047 82:
1116 2985 1225 3062 βαπτὸν

185 3065 372 3146 άμπεχομένῳ
390 3070 540 3144 τριβώνιον
558 3078 624 3145 μιᾶς
642 3095 719 3138 τινος
736 3078 792 3130 τῶν
811 3074 930 3144 ἑταιρῶν
948 3067 988 3128 ὧν
1006 3079 1093 3146 ἴσμεν.

271 3161 292 3228 ¹)
312 3160 381 3214 Huic
412 3164 579 3218 consensioni
604 3179 637 3217 ne
663 3163 772 3217 nimium
800 3165 924 3232 ponderis
946 3165 1107 3233 tribuamus,
1134 3165 1224 3218 obstet

186 3247 258 3316 quod
276 3247 367 3300 eotiern
386 3249 462 3315 signo
480 3251 628 3304 instructae
646 3248 763 3303 Divitiae
781 3251 850 3306 haud
868 3251 908 3303 its
927 3265 988 3304 raro
1012 3259 1167 3316 occurrunt;
1191 3251 1225 3306 ei.

187 3334 322 3402 Aristoph.
341 3335 410 3388 Plut.
428 3339 470 3404 et,
489 3335 557 3390 Plat.
571 3337 620 3402 leg.
639 3336 652 3387 I
671 3338 755 3404 631c3
778 3337 904 3392 Menand.
928 3339 1000 3405 apud
1019 3339 1093 3393 Stob.
1112 3342 1160 3408 93,
1178 3343 1223 3408 21;

188 3419 255 3474 Lne.
273 3421 340 3475 Tim.
359 3425 393 3474 20
410 3438 437 3490 p.
455 3425 486 3476 41
507 3423 610 3490 incolt,
629 3425 662 3474 24
680 3438 706 3489 p.
725 3425 758 3475 43
776 3423 833 3478 Jer.

271 3507 295 3574 ι)
315 3507 362 3560 Or.
373 3511 409 3562 80
427 3525 452 3575 p.
465 3511 516 3562 292
528 3508 608 3563 Dind.
627 3509 746 3562 homines
758 3525 774 3562 a
786 3509 942 3563 mulieribus
955 3511 1114 3577 quibusdem
1133 3511 1223 3578 (Cupi-

187 3592 326 3661 nitatibus)
345 3594 457 3648 vinculis
475 3603 501 3648 et
519 3595 648 3650 servitute
665 3605 832 3662 premuntur.
863 3595 935 3648 inter
953 3597 1003 3650 hos
1022 3597 1094 3650 iocos
1112 3603 1139 3648 et
1157 3595 1225 3649 Piat.

187 3678 236 3746 leg.
256 3679 268 3731 l
287 3681 360 3732 oete
378 3673 443 3746 (titio
467 3677 499 3732 tii
518 3676 694 3748 κεκτημένον
719 3675 750 3733 ἐν
775 3674 852 3750 stirp
877 3675 1026 3749 tepentem
1053 3675 1171 3734 ἐναντίω
1194 3699 1224 3734 τε

187 3764 235 3818 καλ
253 3759 373 3834 ἄφρονε,
391 3757 414 3818 ὃ
432 3761 683 3836 προσαγορεύομεν
700 3759 809 3836 ἡδονὴν
821 3765 871 3820 καὶ
883 3761 984 3833 trienni
1004 3775 1105 3834 quanta
1123 3767 1157 3822 sit
1175 3767 1227 3820 tiis·

187 3853 338 3920 crepantia,
364 3868 441 3906 nemo
460 3861 500 3908 est
519 3855 581 3923 quin
606 3854 704 3908 videet.
740 3855 829 3910 Etiam
855 3853 926 3922 epod
946 3853 1083 3906 Platonem
1102 3853 1227 3922 voluptas

188 3945 215 3990 et
232 3953 335 3991 maeror
353 3953 482 4005 personae
494 3939 639 4006 finguntur,
658 3939 703 3992 sed
716 3938 819 3993 nulium
833 3947 873 3990 est
887 3937 1017 4008 indicium,
1035 3955 1090 4007 qtto
1103 3940 1143 3994 iili
1162 3939 1225 3994 initt-

188 4021 275 4090 gittent
293 4024 434 4080 animantis
452 4025 567 4081 humane
586 4026 674 4095 speeie
699 4025 816 4094 praediti
841 4025 1007 4080 obversatam
1033 4041 1089 4082 esse
1107 4026 1227 4096 colliges.

189 4108 261 4164 idern
282 4111 352 4166 velet
370 4111 403 4164 tie
420 4112 607 4182 Xenophontis
624 4130 656 4170 eo
674 4114 742 4184 ioco,
760 4115 805 4186 qui
822 4121 862 4168 est
879 4130 972 4170 eornm.
993 4121 1015 4183 l,
1034 4117 1060 4184 2,
1078 4119 1119 4170 23,

993 4211 1010 4274 7
